
      <ns0:record>
          <ns0:leader>01980nam a2200637 c 4500</ns0:leader>
          <ns0:controlfield tag="001">9958554943003338</ns0:controlfield>
          <ns0:controlfield tag="005">20191111154714.0</ns0:controlfield>
          <ns0:controlfield tag="007">tu</ns0:controlfield>
          <ns0:controlfield tag="008">190515s2019    |||||||| |||| 00||||ger</ns0:controlfield>
          <ns0:controlfield tag="009">AC15406532</ns0:controlfield>
          <ns0:datafield ind1=" " ind2=" " tag="015">
            <ns0:subfield code="a">OeBC</ns0:subfield>
            <ns0:subfield code="2">oeb</ns0:subfield>
          </ns0:datafield>
          <ns0:datafield ind1=" " ind2=" " tag="015">
            <ns0:subfield code="a">19,A46</ns0:subfield>
            <ns0:subfield code="z">19,N21</ns0:subfield>
            <ns0:subfield code="2">dnb</ns0:subfield>
          </ns0:datafield>
          <ns0:datafield ind1="7" ind2=" " tag="016">
            <ns0:subfield code="a">1186161663</ns0:subfield>
            <ns0:subfield code="2">DE-101</ns0:subfield>
          </ns0:datafield>
          <ns0:datafield ind1=" " ind2=" " tag="020">
            <ns0:subfield code="a">9783746254890</ns0:subfield>
            <ns0:subfield code="c">Festeinband : circa EUR 8.95 (DE), circa EUR 8.95 (AT)</ns0:subfield>
          </ns0:datafield>
          <ns0:datafield ind1=" " ind2=" " tag="020">
            <ns0:subfield code="a">3746254892</ns0:subfield>
          </ns0:datafield>
          <ns0:datafield ind1="3" ind2=" " tag="024">
            <ns0:subfield code="a">9783746254890</ns0:subfield>
          </ns0:datafield>
          <ns0:datafield ind1="5" ind2="2" tag="028">
            <ns0:subfield code="a">Bestellnummer: 054890</ns0:subfield>
          </ns0:datafield>
          <ns0:datafield ind1=" " ind2=" " tag="035">
            <ns0:subfield code="a">(AT-OBV)AC15406532</ns0:subfield>
          </ns0:datafield>
          <ns0:datafield ind1=" " ind2=" " tag="035">
            <ns0:subfield code="a">(DE-599)DNB1186161663</ns0:subfield>
          </ns0:datafield>
          <ns0:datafield ind1=" " ind2=" " tag="035">
            <ns0:subfield code="a">(OCoLC)1102304739</ns0:subfield>
          </ns0:datafield>
          <ns0:datafield ind1=" " ind2=" " tag="035">
            <ns0:subfield code="a">(DE-101)1186161663</ns0:subfield>
          </ns0:datafield>
          <ns0:datafield ind1=" " ind2=" " tag="035">
            <ns0:subfield code="a">oai:dnb.de/dnb/1186161663</ns0:subfield>
          </ns0:datafield>
          <ns0:datafield ind1=" " ind2=" " tag="035">
            <ns0:subfield code="a">(EXLNZ-43ACC_NETWORK)99144974359003331</ns0:subfield>
          </ns0:datafield>
          <ns0:datafield ind1=" " ind2=" " tag="040">
            <ns0:subfield code="a">AT-OeNB</ns0:subfield>
            <ns0:subfield code="b">ger</ns0:subfield>
            <ns0:subfield code="c">DE-101</ns0:subfield>
            <ns0:subfield code="d">AT-OBV</ns0:subfield>
          </ns0:datafield>
          <ns0:datafield ind1=" " ind2=" " tag="041">
            <ns0:subfield code="a">ger</ns0:subfield>
          </ns0:datafield>
          <ns0:datafield ind1=" " ind2=" " tag="044">
            <ns0:subfield code="c">XA-DE</ns0:subfield>
          </ns0:datafield>
          <ns0:datafield ind1=" " ind2=" " tag="084">
            <ns0:subfield code="a">830</ns0:subfield>
            <ns0:subfield code="a">B</ns0:subfield>
            <ns0:subfield code="q">DE-101</ns0:subfield>
            <ns0:subfield code="2">sdnb</ns0:subfield>
          </ns0:datafield>
          <ns0:datafield ind1=" " ind2=" " tag="084">
            <ns0:subfield code="a">18.10</ns0:subfield>
            <ns0:subfield code="2">bkl</ns0:subfield>
          </ns0:datafield>
          <ns0:datafield ind1=" " ind2=" " tag="084">
            <ns0:subfield code="a">17.97</ns0:subfield>
            <ns0:subfield code="2">bkl</ns0:subfield>
          </ns0:datafield>
          <ns0:datafield ind1="1" ind2=" " tag="100">
            <ns0:subfield code="a">Rilke, Rainer Maria</ns0:subfield>
            <ns0:subfield code="d">1875-1926</ns0:subfield>
            <ns0:subfield code="0">(DE-588)118601024</ns0:subfield>
            <ns0:subfield code="4">aut</ns0:subfield>
          </ns0:datafield>
          <ns0:datafield ind1="1" ind2="0" tag="245">
            <ns0:subfield code="a">&#8230; und stille wird ein jedes Haus</ns0:subfield>
            <ns0:subfield code="b">Weihnachtslesebuch</ns0:subfield>
            <ns0:subfield code="c">Rainer Maria Rilke</ns0:subfield>
          </ns0:datafield>
          <ns0:datafield ind1=" " ind2=" " tag="250">
            <ns0:subfield code="a">ungek&#252;rzte Ausgabe</ns0:subfield>
          </ns0:datafield>
          <ns0:datafield ind1=" " ind2="1" tag="264">
            <ns0:subfield code="a">Leipzig</ns0:subfield>
            <ns0:subfield code="b">St. Benno</ns0:subfield>
            <ns0:subfield code="c">2019</ns0:subfield>
          </ns0:datafield>
          <ns0:datafield ind1=" " ind2=" " tag="300">
            <ns0:subfield code="a">120 Seiten</ns0:subfield>
            <ns0:subfield code="b">mit zahlreichen Farbabbildungen</ns0:subfield>
            <ns0:subfield code="c">15.5 cm x 10.5 cm</ns0:subfield>
          </ns0:datafield>
          <ns0:datafield ind1=" " ind2=" " tag="336">
            <ns0:subfield code="b">txt</ns0:subfield>
          </ns0:datafield>
          <ns0:datafield ind1=" " ind2=" " tag="337">
            <ns0:subfield code="b">n</ns0:subfield>
          </ns0:datafield>
          <ns0:datafield ind1=" " ind2=" " tag="338">
            <ns0:subfield code="b">nc</ns0:subfield>
          </ns0:datafield>
          <ns0:datafield ind1=" " ind2=" " tag="653">
            <ns0:subfield code="a">Advent</ns0:subfield>
          </ns0:datafield>
          <ns0:datafield ind1=" " ind2=" " tag="653">
            <ns0:subfield code="a">Gedichte</ns0:subfield>
          </ns0:datafield>
          <ns0:datafield ind1=" " ind2=" " tag="653">
            <ns0:subfield code="a">Lesebuch</ns0:subfield>
          </ns0:datafield>
          <ns0:datafield ind1=" " ind2=" " tag="653">
            <ns0:subfield code="a">Lyrik</ns0:subfield>
          </ns0:datafield>
          <ns0:datafield ind1=" " ind2=" " tag="653">
            <ns0:subfield code="a">Rilke</ns0:subfield>
          </ns0:datafield>
          <ns0:datafield ind1=" " ind2=" " tag="653">
            <ns0:subfield code="a">Weihnachten</ns0:subfield>
          </ns0:datafield>
          <ns0:datafield ind1=" " ind2=" " tag="653">
            <ns0:subfield code="a">Winter</ns0:subfield>
          </ns0:datafield>
          <ns0:datafield ind1=" " ind2=" " tag="653">
            <ns0:subfield code="a">Hardcover, Softcover / Belletristik/Anthologien</ns0:subfield>
          </ns0:datafield>
          <ns0:datafield ind1=" " ind2="7" tag="655">
            <ns0:subfield code="a">Erz&#228;hlende Literatur: Anthologien</ns0:subfield>
            <ns0:subfield code="2">gatbeg</ns0:subfield>
          </ns0:datafield>
          <ns0:datafield ind1=" " ind2="7" tag="655">
            <ns0:subfield code="a">Anthologie</ns0:subfield>
            <ns0:subfield code="0">(DE-588)4002214-6</ns0:subfield>
            <ns0:subfield code="2">gnd-content</ns0:subfield>
          </ns0:datafield>
          <ns0:datafield ind1=" " ind2="7" tag="655">
            <ns0:subfield code="a">Gedicht</ns0:subfield>
            <ns0:subfield code="2">bellobv</ns0:subfield>
          </ns0:datafield>
          <ns0:datafield ind1=" " ind2="7" tag="655">
            <ns0:subfield code="a">Kurzprosa</ns0:subfield>
            <ns0:subfield code="2">bellobv</ns0:subfield>
          </ns0:datafield>
          <ns0:datafield ind1="0" ind2="0" tag="689">
            <ns0:subfield code="a">Rilke, Rainer Maria</ns0:subfield>
            <ns0:subfield code="d">1875-1926</ns0:subfield>
            <ns0:subfield code="D">p</ns0:subfield>
            <ns0:subfield code="0">(DE-588)118601024</ns0:subfield>
          </ns0:datafield>
          <ns0:datafield ind1="0" ind2="1" tag="689">
            <ns0:subfield code="a">Weihnachten</ns0:subfield>
            <ns0:subfield code="D">s</ns0:subfield>
            <ns0:subfield code="0">(DE-588)4065075-3</ns0:subfield>
          </ns0:datafield>
          <ns0:datafield ind1="0" ind2=" " tag="689">
            <ns0:subfield code="5">AT-OBV</ns0:subfield>
            <ns0:subfield code="5">ONB</ns0:subfield>
          </ns0:datafield>
          <ns0:datafield ind1="0" ind2=" " tag="689">
            <ns0:subfield code="5">AT-OBV</ns0:subfield>
            <ns0:subfield code="5">ONB</ns0:subfield>
          </ns0:datafield>
          <ns0:datafield ind1="1" ind2=" " tag="700">
            <ns0:subfield code="a">Bauch, Volker</ns0:subfield>
            <ns0:subfield code="4">com</ns0:subfield>
          </ns0:datafield>
          <ns0:datafield ind1="0" ind2="0" tag="780">
            <ns0:subfield code="i">Vorangegangen ist</ns0:subfield>
            <ns0:subfield code="z">9783746247793</ns0:subfield>
          </ns0:datafield>
          <ns0:datafield ind1="4" ind2="2" tag="856">
            <ns0:subfield code="m">B:DE-101</ns0:subfield>
            <ns0:subfield code="q">application/pdf</ns0:subfield>
            <ns0:subfield code="u">https://d-nb.info/1186161663/04</ns0:subfield>
            <ns0:subfield code="3">Inhaltsverzeichnis</ns0:subfield>
          </ns0:datafield>
          <ns0:datafield ind1="4" ind2=" " tag="970">
            <ns0:subfield code="b">DE-101</ns0:subfield>
          </ns0:datafield>
          <ns0:datafield ind1="2" ind2=" " tag="970">
            <ns0:subfield code="a">AT-OeNB</ns0:subfield>
          </ns0:datafield>
          <ns0:datafield ind1="1" ind2=" " tag="970">
            <ns0:subfield code="c">56</ns0:subfield>
          </ns0:datafield>
          <ns0:datafield ind1=" " ind2=" " tag="AVA">
            <ns0:subfield code="0">9958554943003338</ns0:subfield>
            <ns0:subfield code="8">22407115500003338</ns0:subfield>
            <ns0:subfield code="a">43ACC_ONB</ns0:subfield>
            <ns0:subfield code="b">ZNEU</ns0:subfield>
            <ns0:subfield code="c">Main Stacks at Heldenplatz (MAG)</ns0:subfield>
            <ns0:subfield code="d">2146920-A</ns0:subfield>
            <ns0:subfield code="e">available</ns0:subfield>
            <ns0:subfield code="f">1</ns0:subfield>
            <ns0:subfield code="g">0</ns0:subfield>
            <ns0:subfield code="j">MAG</ns0:subfield>
            <ns0:subfield code="p">1</ns0:subfield>
            <ns0:subfield code="q">Central Service Facility at Heldenplatz</ns0:subfield>
          </ns0:datafield>
        </ns0:record>