
      <ns0:record>
          <ns0:leader>01729pam a2200553 c 4500</ns0:leader>
          <ns0:controlfield tag="001">9958884642203338</ns0:controlfield>
          <ns0:controlfield tag="005">20220610155555.0</ns0:controlfield>
          <ns0:controlfield tag="007">tu</ns0:controlfield>
          <ns0:controlfield tag="008">210507s2021    |||||||| |||| 00||||ger|c</ns0:controlfield>
          <ns0:controlfield tag="009">AC16442920</ns0:controlfield>
          <ns0:datafield ind1=" " ind2=" " tag="015">
            <ns0:subfield code="a">OeBC</ns0:subfield>
            <ns0:subfield code="2">oeb</ns0:subfield>
          </ns0:datafield>
          <ns0:datafield ind1="7" ind2=" " tag="016">
            <ns0:subfield code="a">1233027999</ns0:subfield>
            <ns0:subfield code="2">DE-101</ns0:subfield>
          </ns0:datafield>
          <ns0:datafield ind1=" " ind2=" " tag="020">
            <ns0:subfield code="a">9783746259574</ns0:subfield>
            <ns0:subfield code="q">Festeinband</ns0:subfield>
            <ns0:subfield code="c">EUR 9.95 (DE), EUR 10.30 (AT)</ns0:subfield>
          </ns0:datafield>
          <ns0:datafield ind1=" " ind2=" " tag="020">
            <ns0:subfield code="a">3746259576</ns0:subfield>
          </ns0:datafield>
          <ns0:datafield ind1="3" ind2=" " tag="024">
            <ns0:subfield code="a">9783746259574</ns0:subfield>
          </ns0:datafield>
          <ns0:datafield ind1="5" ind2="2" tag="028">
            <ns0:subfield code="a">Bestellnummer: 059574</ns0:subfield>
          </ns0:datafield>
          <ns0:datafield ind1=" " ind2=" " tag="035">
            <ns0:subfield code="a">(AT-OBV)AC16442920</ns0:subfield>
          </ns0:datafield>
          <ns0:datafield ind1=" " ind2=" " tag="035">
            <ns0:subfield code="a">(DE-599)DNB1233027999</ns0:subfield>
          </ns0:datafield>
          <ns0:datafield ind1=" " ind2=" " tag="035">
            <ns0:subfield code="a">(OCoLC)1291703187</ns0:subfield>
          </ns0:datafield>
          <ns0:datafield ind1=" " ind2=" " tag="035">
            <ns0:subfield code="a">(OCoLC)1250356557</ns0:subfield>
          </ns0:datafield>
          <ns0:datafield ind1=" " ind2=" " tag="035">
            <ns0:subfield code="a">(DE-101)1233027999</ns0:subfield>
          </ns0:datafield>
          <ns0:datafield ind1=" " ind2=" " tag="035">
            <ns0:subfield code="a">(EXLNZ-43ACC_NETWORK)99146535730603331</ns0:subfield>
          </ns0:datafield>
          <ns0:datafield ind1=" " ind2=" " tag="040">
            <ns0:subfield code="a">AT-OeNB</ns0:subfield>
            <ns0:subfield code="b">ger</ns0:subfield>
            <ns0:subfield code="c">DE-101</ns0:subfield>
            <ns0:subfield code="d">AT-OeNB</ns0:subfield>
            <ns0:subfield code="e">rda</ns0:subfield>
          </ns0:datafield>
          <ns0:datafield ind1=" " ind2=" " tag="041">
            <ns0:subfield code="a">ger</ns0:subfield>
          </ns0:datafield>
          <ns0:datafield ind1=" " ind2=" " tag="044">
            <ns0:subfield code="c">XA-DE-SN</ns0:subfield>
          </ns0:datafield>
          <ns0:datafield ind1=" " ind2=" " tag="084">
            <ns0:subfield code="a">830</ns0:subfield>
            <ns0:subfield code="a">B</ns0:subfield>
            <ns0:subfield code="q">DE-101</ns0:subfield>
            <ns0:subfield code="2">sdnb</ns0:subfield>
          </ns0:datafield>
          <ns0:datafield ind1=" " ind2=" " tag="084">
            <ns0:subfield code="a">18.10</ns0:subfield>
            <ns0:subfield code="2">bkl</ns0:subfield>
          </ns0:datafield>
          <ns0:datafield ind1=" " ind2=" " tag="084">
            <ns0:subfield code="a">17.97</ns0:subfield>
            <ns0:subfield code="2">bkl</ns0:subfield>
          </ns0:datafield>
          <ns0:datafield ind1="1" ind2=" " tag="100">
            <ns0:subfield code="a">Rilke, Rainer Maria</ns0:subfield>
            <ns0:subfield code="d">1875-1926</ns0:subfield>
            <ns0:subfield code="0">(DE-588)118601024</ns0:subfield>
            <ns0:subfield code="4">aut</ns0:subfield>
          </ns0:datafield>
          <ns0:datafield ind1="1" ind2="0" tag="245">
            <ns0:subfield code="a">&#8230; und stille wird ein jedes Haus</ns0:subfield>
            <ns0:subfield code="b">Weihnachtslesebuch</ns0:subfield>
            <ns0:subfield code="c">Rainer Maria Rilke</ns0:subfield>
          </ns0:datafield>
          <ns0:datafield ind1=" " ind2="1" tag="264">
            <ns0:subfield code="a">Leipzig</ns0:subfield>
            <ns0:subfield code="b">Benno</ns0:subfield>
            <ns0:subfield code="c">[2021]</ns0:subfield>
          </ns0:datafield>
          <ns0:datafield ind1=" " ind2=" " tag="300">
            <ns0:subfield code="a">119 Seiten</ns0:subfield>
            <ns0:subfield code="b">Illustrationen</ns0:subfield>
            <ns0:subfield code="c">16 cm</ns0:subfield>
          </ns0:datafield>
          <ns0:datafield ind1=" " ind2=" " tag="336">
            <ns0:subfield code="b">txt</ns0:subfield>
          </ns0:datafield>
          <ns0:datafield ind1=" " ind2=" " tag="336">
            <ns0:subfield code="b">sti</ns0:subfield>
          </ns0:datafield>
          <ns0:datafield ind1=" " ind2=" " tag="337">
            <ns0:subfield code="b">n</ns0:subfield>
          </ns0:datafield>
          <ns0:datafield ind1=" " ind2=" " tag="338">
            <ns0:subfield code="b">nc</ns0:subfield>
          </ns0:datafield>
          <ns0:datafield ind1=" " ind2=" " tag="653">
            <ns0:subfield code="a">Hardcover, Softcover / Belletristik/Anthologien</ns0:subfield>
          </ns0:datafield>
          <ns0:datafield ind1=" " ind2="7" tag="655">
            <ns0:subfield code="a">Anthologie</ns0:subfield>
            <ns0:subfield code="0">(DE-588)4002214-6</ns0:subfield>
            <ns0:subfield code="2">gnd-content</ns0:subfield>
          </ns0:datafield>
          <ns0:datafield ind1=" " ind2="7" tag="655">
            <ns0:subfield code="a">Gemischte Anthologien</ns0:subfield>
            <ns0:subfield code="2">gatbeg</ns0:subfield>
          </ns0:datafield>
          <ns0:datafield ind1=" " ind2="7" tag="655">
            <ns0:subfield code="a">Geschenkbuch</ns0:subfield>
            <ns0:subfield code="2">bellobv</ns0:subfield>
          </ns0:datafield>
          <ns0:datafield ind1=" " ind2="7" tag="655">
            <ns0:subfield code="a">Gedicht</ns0:subfield>
            <ns0:subfield code="2">bellobv</ns0:subfield>
          </ns0:datafield>
          <ns0:datafield ind1=" " ind2="7" tag="655">
            <ns0:subfield code="a">Kurzprosa</ns0:subfield>
            <ns0:subfield code="2">bellobv</ns0:subfield>
          </ns0:datafield>
          <ns0:datafield ind1="0" ind2="0" tag="689">
            <ns0:subfield code="a">Weihnachten</ns0:subfield>
            <ns0:subfield code="D">s</ns0:subfield>
            <ns0:subfield code="0">(DE-588)4065075-3</ns0:subfield>
          </ns0:datafield>
          <ns0:datafield ind1="0" ind2="1" tag="689">
            <ns0:subfield code="a">Literatur</ns0:subfield>
            <ns0:subfield code="D">s</ns0:subfield>
            <ns0:subfield code="0">(DE-588)4035964-5</ns0:subfield>
          </ns0:datafield>
          <ns0:datafield ind1="0" ind2=" " tag="689">
            <ns0:subfield code="5">AT-OBV</ns0:subfield>
            <ns0:subfield code="5">AT-OeNB</ns0:subfield>
          </ns0:datafield>
          <ns0:datafield ind1="0" ind2="0" tag="780">
            <ns0:subfield code="i">Vorangegangen ist</ns0:subfield>
            <ns0:subfield code="z">9783746254890</ns0:subfield>
          </ns0:datafield>
          <ns0:datafield ind1="4" ind2="2" tag="856">
            <ns0:subfield code="m">B:DE-101</ns0:subfield>
            <ns0:subfield code="q">application/pdf</ns0:subfield>
            <ns0:subfield code="u">https://d-nb.info/1233027999/04</ns0:subfield>
            <ns0:subfield code="3">Inhaltsverzeichnis</ns0:subfield>
          </ns0:datafield>
          <ns0:datafield ind1="4" ind2=" " tag="970">
            <ns0:subfield code="b">DE-101</ns0:subfield>
          </ns0:datafield>
          <ns0:datafield ind1="1" ind2=" " tag="970">
            <ns0:subfield code="c">56</ns0:subfield>
          </ns0:datafield>
          <ns0:datafield ind1="0" ind2=" " tag="970">
            <ns0:subfield code="a">Digitaler Assistent</ns0:subfield>
          </ns0:datafield>
          <ns0:datafield ind1=" " ind2=" " tag="988">
            <ns0:subfield code="a">ONBAHF</ns0:subfield>
            <ns0:subfield code="9">local</ns0:subfield>
          </ns0:datafield>
          <ns0:datafield ind1=" " ind2=" " tag="AVA">
            <ns0:subfield code="0">9958884642203338</ns0:subfield>
            <ns0:subfield code="8">22491546230003338</ns0:subfield>
            <ns0:subfield code="a">43ACC_ONB</ns0:subfield>
            <ns0:subfield code="b">ZNEU</ns0:subfield>
            <ns0:subfield code="c">Main Stacks at Heldenplatz (MAG)</ns0:subfield>
            <ns0:subfield code="d">2201267-A</ns0:subfield>
            <ns0:subfield code="e">available</ns0:subfield>
            <ns0:subfield code="f">1</ns0:subfield>
            <ns0:subfield code="g">0</ns0:subfield>
            <ns0:subfield code="j">MAG</ns0:subfield>
            <ns0:subfield code="p">1</ns0:subfield>
            <ns0:subfield code="q">Central Service Facility at Heldenplatz</ns0:subfield>
          </ns0:datafield>
        </ns0:record>