
      <ns0:record>
          <ns0:leader>01504cam a2200445 c 4500</ns0:leader>
          <ns0:controlfield tag="001">990050231500603338</ns0:controlfield>
          <ns0:controlfield tag="005">20231207193555.0</ns0:controlfield>
          <ns0:controlfield tag="007">tu</ns0:controlfield>
          <ns0:controlfield tag="008">170314|2016####|||###########|||#|#ger#c</ns0:controlfield>
          <ns0:controlfield tag="009">AC13479621</ns0:controlfield>
          <ns0:datafield ind1=" " ind2=" " tag="015">
            <ns0:subfield code="z">16,N20</ns0:subfield>
            <ns0:subfield code="2">dnb</ns0:subfield>
          </ns0:datafield>
          <ns0:datafield ind1=" " ind2=" " tag="015">
            <ns0:subfield code="a">17,A02</ns0:subfield>
            <ns0:subfield code="2">dnb</ns0:subfield>
          </ns0:datafield>
          <ns0:datafield ind1=" " ind2=" " tag="015">
            <ns0:subfield code="a">OeBC</ns0:subfield>
            <ns0:subfield code="2">oeb</ns0:subfield>
          </ns0:datafield>
          <ns0:datafield ind1="7" ind2=" " tag="016">
            <ns0:subfield code="a">1100072454</ns0:subfield>
            <ns0:subfield code="2">DE-101b</ns0:subfield>
          </ns0:datafield>
          <ns0:datafield ind1=" " ind2=" " tag="020">
            <ns0:subfield code="a">9783746247793</ns0:subfield>
            <ns0:subfield code="c">Festeinband : circa EUR 6.95 (AT), circa sfr 10.50 (freier Preis), circa EUR 6.95 (DE)</ns0:subfield>
          </ns0:datafield>
          <ns0:datafield ind1=" " ind2=" " tag="020">
            <ns0:subfield code="a">3746247799</ns0:subfield>
          </ns0:datafield>
          <ns0:datafield ind1=" " ind2=" " tag="035">
            <ns0:subfield code="a">(AT-OBV)AC13479621</ns0:subfield>
          </ns0:datafield>
          <ns0:datafield ind1=" " ind2=" " tag="035">
            <ns0:subfield code="a">AC13479621</ns0:subfield>
          </ns0:datafield>
          <ns0:datafield ind1=" " ind2=" " tag="035">
            <ns0:subfield code="a">(Aleph)013321552ACC01</ns0:subfield>
          </ns0:datafield>
          <ns0:datafield ind1=" " ind2=" " tag="035">
            <ns0:subfield code="a">(DE-599)DNB1100072454</ns0:subfield>
          </ns0:datafield>
          <ns0:datafield ind1=" " ind2=" " tag="035">
            <ns0:subfield code="a">(EXLNZ-43ACC_NETWORK)990133215520203331</ns0:subfield>
          </ns0:datafield>
          <ns0:datafield ind1=" " ind2=" " tag="040">
            <ns0:subfield code="a">ONB</ns0:subfield>
            <ns0:subfield code="b">ger</ns0:subfield>
            <ns0:subfield code="c">DNB</ns0:subfield>
            <ns0:subfield code="d">AT-OBV</ns0:subfield>
            <ns0:subfield code="e">rda</ns0:subfield>
          </ns0:datafield>
          <ns0:datafield ind1=" " ind2=" " tag="041">
            <ns0:subfield code="a">ger</ns0:subfield>
          </ns0:datafield>
          <ns0:datafield ind1=" " ind2=" " tag="044">
            <ns0:subfield code="c">XA-DE-SN</ns0:subfield>
          </ns0:datafield>
          <ns0:datafield ind1=" " ind2=" " tag="084">
            <ns0:subfield code="a">18.10</ns0:subfield>
            <ns0:subfield code="2">bkl</ns0:subfield>
          </ns0:datafield>
          <ns0:datafield ind1=" " ind2=" " tag="084">
            <ns0:subfield code="a">17.97</ns0:subfield>
            <ns0:subfield code="2">bkl</ns0:subfield>
          </ns0:datafield>
          <ns0:datafield ind1="1" ind2=" " tag="100">
            <ns0:subfield code="a">Rilke, Rainer Maria</ns0:subfield>
            <ns0:subfield code="d">1875-1926</ns0:subfield>
            <ns0:subfield code="0">(DE-588)118601024</ns0:subfield>
            <ns0:subfield code="4">aut</ns0:subfield>
          </ns0:datafield>
          <ns0:datafield ind1="1" ind2="0" tag="245">
            <ns0:subfield code="a">&#8230; und stille wird ein jedes Haus</ns0:subfield>
            <ns0:subfield code="b">Weihnachtslesebuch</ns0:subfield>
            <ns0:subfield code="c">Rainer Maria Rilke ; Zusammenstellung: Volker Bauch, Leipzig</ns0:subfield>
          </ns0:datafield>
          <ns0:datafield ind1=" " ind2="1" tag="264">
            <ns0:subfield code="a">Leipzig</ns0:subfield>
            <ns0:subfield code="b">Benno</ns0:subfield>
            <ns0:subfield code="c">[2016]</ns0:subfield>
          </ns0:datafield>
          <ns0:datafield ind1=" " ind2=" " tag="300">
            <ns0:subfield code="a">119 Seiten</ns0:subfield>
            <ns0:subfield code="b">Illustrationen</ns0:subfield>
            <ns0:subfield code="c">16 cm</ns0:subfield>
          </ns0:datafield>
          <ns0:datafield ind1=" " ind2=" " tag="336">
            <ns0:subfield code="b">txt</ns0:subfield>
          </ns0:datafield>
          <ns0:datafield ind1=" " ind2=" " tag="337">
            <ns0:subfield code="b">n</ns0:subfield>
          </ns0:datafield>
          <ns0:datafield ind1=" " ind2=" " tag="338">
            <ns0:subfield code="b">nc</ns0:subfield>
          </ns0:datafield>
          <ns0:datafield ind1=" " ind2="7" tag="655">
            <ns0:subfield code="a">Anthologie</ns0:subfield>
            <ns0:subfield code="0">(DE-588)4002214-6</ns0:subfield>
            <ns0:subfield code="2">gnd-content</ns0:subfield>
          </ns0:datafield>
          <ns0:datafield ind1=" " ind2="7" tag="655">
            <ns0:subfield code="a">Gedicht</ns0:subfield>
            <ns0:subfield code="2">bellobv</ns0:subfield>
          </ns0:datafield>
          <ns0:datafield ind1=" " ind2="7" tag="655">
            <ns0:subfield code="a">Erz&#228;hlung</ns0:subfield>
            <ns0:subfield code="2">bellobv</ns0:subfield>
          </ns0:datafield>
          <ns0:datafield ind1="0" ind2="0" tag="689">
            <ns0:subfield code="a">Weihnachten</ns0:subfield>
            <ns0:subfield code="D">s</ns0:subfield>
            <ns0:subfield code="0">(DE-588)4065075-3</ns0:subfield>
          </ns0:datafield>
          <ns0:datafield ind1="0" ind2=" " tag="689">
            <ns0:subfield code="5">AT-OBV</ns0:subfield>
            <ns0:subfield code="5">DNB</ns0:subfield>
          </ns0:datafield>
          <ns0:datafield ind1="1" ind2=" " tag="700">
            <ns0:subfield code="a">Bauch, Volker</ns0:subfield>
            <ns0:subfield code="0">(DE-588)123615488</ns0:subfield>
            <ns0:subfield code="4">ctb</ns0:subfield>
          </ns0:datafield>
          <ns0:datafield ind1="4" ind2="2" tag="856">
            <ns0:subfield code="m">X:MVB</ns0:subfield>
            <ns0:subfield code="q">text/html</ns0:subfield>
            <ns0:subfield code="u">http://deposit.dnb.de/cgi-bin/dokserv?id=b433215a6060464da5dff90f7282b3b1&amp;prov=M&amp;dok_var=1&amp;dok_ext=htm</ns0:subfield>
            <ns0:subfield code="3">Inhaltstext</ns0:subfield>
          </ns0:datafield>
          <ns0:datafield ind1="1" ind2=" " tag="970">
            <ns0:subfield code="c">56</ns0:subfield>
          </ns0:datafield>
          <ns0:datafield ind1="0" ind2=" " tag="980">
            <ns0:subfield code="a">DNB</ns0:subfield>
            <ns0:subfield code="9">LOCAL</ns0:subfield>
          </ns0:datafield>
          <ns0:datafield ind1=" " ind2=" " tag="982">
            <ns0:subfield code="f">Deutsch</ns0:subfield>
            <ns0:subfield code="9">LOCAL</ns0:subfield>
          </ns0:datafield>
          <ns0:datafield ind1=" " ind2=" " tag="AVA">
            <ns0:subfield code="0">990050231500603338</ns0:subfield>
            <ns0:subfield code="8">22305079370003338</ns0:subfield>
            <ns0:subfield code="a">43ACC_ONB</ns0:subfield>
            <ns0:subfield code="b">ZNEU</ns0:subfield>
            <ns0:subfield code="c">Main Stacks at Heldenplatz (MAG)</ns0:subfield>
            <ns0:subfield code="d">2094450-A</ns0:subfield>
            <ns0:subfield code="e">available</ns0:subfield>
            <ns0:subfield code="f">1</ns0:subfield>
            <ns0:subfield code="g">0</ns0:subfield>
            <ns0:subfield code="j">MAG</ns0:subfield>
            <ns0:subfield code="p">1</ns0:subfield>
            <ns0:subfield code="q">Central Service Facility at Heldenplatz</ns0:subfield>
          </ns0:datafield>
        </ns0:record>