
      <ns0:record>
          <ns0:leader>01082nam a22003618c 4500</ns0:leader>
          <ns0:controlfield tag="001">990043061500603338</ns0:controlfield>
          <ns0:controlfield tag="005">20230627234319.0</ns0:controlfield>
          <ns0:controlfield tag="007">tu</ns0:controlfield>
          <ns0:controlfield tag="008">130212|2013####|||###########|||#u#ger#c</ns0:controlfield>
          <ns0:controlfield tag="009">AC10713033</ns0:controlfield>
          <ns0:datafield ind1=" " ind2=" " tag="015">
            <ns0:subfield code="a">OeBC</ns0:subfield>
            <ns0:subfield code="2">oeb</ns0:subfield>
          </ns0:datafield>
          <ns0:datafield ind1="7" ind2=" " tag="016">
            <ns0:subfield code="a">1028544057</ns0:subfield>
            <ns0:subfield code="2">DE-101b</ns0:subfield>
          </ns0:datafield>
          <ns0:datafield ind1=" " ind2=" " tag="020">
            <ns0:subfield code="a">9783458359524</ns0:subfield>
            <ns0:subfield code="c">geb. : ca. EUR 14.00 (DE), ca. EUR 14.40 (AT), ca. sfr 20.90 (freier Pr.)</ns0:subfield>
          </ns0:datafield>
          <ns0:datafield ind1=" " ind2=" " tag="020">
            <ns0:subfield code="a">3458359524</ns0:subfield>
          </ns0:datafield>
          <ns0:datafield ind1=" " ind2=" " tag="035">
            <ns0:subfield code="a">(AT-OBV)AC10713033</ns0:subfield>
          </ns0:datafield>
          <ns0:datafield ind1=" " ind2=" " tag="035">
            <ns0:subfield code="a">AC10713033</ns0:subfield>
          </ns0:datafield>
          <ns0:datafield ind1=" " ind2=" " tag="035">
            <ns0:subfield code="a">(Aleph)010693378ACC01</ns0:subfield>
          </ns0:datafield>
          <ns0:datafield ind1=" " ind2=" " tag="035">
            <ns0:subfield code="a">(DE-599)DNB1028544057</ns0:subfield>
          </ns0:datafield>
          <ns0:datafield ind1=" " ind2=" " tag="035">
            <ns0:subfield code="a">(EXLNZ-43ACC_NETWORK)990106933780203331</ns0:subfield>
          </ns0:datafield>
          <ns0:datafield ind1=" " ind2=" " tag="040">
            <ns0:subfield code="a">ONB</ns0:subfield>
            <ns0:subfield code="b">ger</ns0:subfield>
            <ns0:subfield code="c">DNB</ns0:subfield>
            <ns0:subfield code="d">AT-OBV</ns0:subfield>
            <ns0:subfield code="e">rakddb</ns0:subfield>
          </ns0:datafield>
          <ns0:datafield ind1=" " ind2=" " tag="041">
            <ns0:subfield code="a">ger</ns0:subfield>
          </ns0:datafield>
          <ns0:datafield ind1=" " ind2=" " tag="044">
            <ns0:subfield code="c">XA-DE</ns0:subfield>
          </ns0:datafield>
          <ns0:datafield ind1=" " ind2=" " tag="084">
            <ns0:subfield code="a">18.10</ns0:subfield>
            <ns0:subfield code="2">bkl</ns0:subfield>
          </ns0:datafield>
          <ns0:datafield ind1=" " ind2=" " tag="084">
            <ns0:subfield code="a">17.97</ns0:subfield>
            <ns0:subfield code="2">bkl</ns0:subfield>
          </ns0:datafield>
          <ns0:datafield ind1=" " ind2=" " tag="090">
            <ns0:subfield code="h">h</ns0:subfield>
          </ns0:datafield>
          <ns0:datafield ind1="1" ind2=" " tag="100">
            <ns0:subfield code="a">Rilke, Rainer Maria</ns0:subfield>
            <ns0:subfield code="d">1875-1926</ns0:subfield>
            <ns0:subfield code="0">(DE-588)118601024</ns0:subfield>
            <ns0:subfield code="4">aut</ns0:subfield>
          </ns0:datafield>
          <ns0:datafield ind1="1" ind2="0" tag="245">
            <ns0:subfield code="a">"Hiersein ist herrlich!"</ns0:subfield>
            <ns0:subfield code="b">365 Tage mit Rilke</ns0:subfield>
            <ns0:subfield code="c">Rainer Maria Rilke</ns0:subfield>
          </ns0:datafield>
          <ns0:datafield ind1=" " ind2=" " tag="250">
            <ns0:subfield code="a">Originalausg., 1. Aufl.</ns0:subfield>
          </ns0:datafield>
          <ns0:datafield ind1=" " ind2="1" tag="264">
            <ns0:subfield code="a">Berlin</ns0:subfield>
            <ns0:subfield code="b">Insel-Verl.</ns0:subfield>
            <ns0:subfield code="c">2013</ns0:subfield>
          </ns0:datafield>
          <ns0:datafield ind1=" " ind2=" " tag="300">
            <ns0:subfield code="a">[ca. 264 S.]</ns0:subfield>
            <ns0:subfield code="b">zahlr. Ill.</ns0:subfield>
          </ns0:datafield>
          <ns0:datafield ind1="0" ind2=" " tag="490">
            <ns0:subfield code="a">Insel-Taschenb&#252;cher</ns0:subfield>
            <ns0:subfield code="v">4252</ns0:subfield>
          </ns0:datafield>
          <ns0:datafield ind1=" " ind2="7" tag="655">
            <ns0:subfield code="a">Gedicht</ns0:subfield>
            <ns0:subfield code="2">bellobv</ns0:subfield>
          </ns0:datafield>
          <ns0:datafield ind1=" " ind2="7" tag="655">
            <ns0:subfield code="a">Aphorismus</ns0:subfield>
            <ns0:subfield code="2">bellobv</ns0:subfield>
          </ns0:datafield>
          <ns0:datafield ind1="1" ind2=" " tag="970">
            <ns0:subfield code="c">56</ns0:subfield>
          </ns0:datafield>
          <ns0:datafield ind1="0" ind2=" " tag="980">
            <ns0:subfield code="a">DNB</ns0:subfield>
            <ns0:subfield code="9">LOCAL</ns0:subfield>
          </ns0:datafield>
          <ns0:datafield ind1=" " ind2=" " tag="982">
            <ns0:subfield code="f">Deutsch</ns0:subfield>
            <ns0:subfield code="9">LOCAL</ns0:subfield>
          </ns0:datafield>
          <ns0:datafield ind1=" " ind2=" " tag="AVA">
            <ns0:subfield code="0">990043061500603338</ns0:subfield>
            <ns0:subfield code="8">22385870590003338</ns0:subfield>
            <ns0:subfield code="a">43ACC_ONB</ns0:subfield>
            <ns0:subfield code="b">ZNEU</ns0:subfield>
            <ns0:subfield code="c">Main Stacks at Heldenplatz (MAG)</ns0:subfield>
            <ns0:subfield code="d">2010713-B</ns0:subfield>
            <ns0:subfield code="e">available</ns0:subfield>
            <ns0:subfield code="f">1</ns0:subfield>
            <ns0:subfield code="g">0</ns0:subfield>
            <ns0:subfield code="j">MAG</ns0:subfield>
            <ns0:subfield code="p">1</ns0:subfield>
            <ns0:subfield code="q">Central Service Facility at Heldenplatz</ns0:subfield>
          </ns0:datafield>
        </ns0:record>