
      <ns0:record>
          <ns0:leader>01024nam a22003498c 4500</ns0:leader>
          <ns0:controlfield tag="001">990027323400603338</ns0:controlfield>
          <ns0:controlfield tag="005">20230627211830.0</ns0:controlfield>
          <ns0:controlfield tag="007">tu</ns0:controlfield>
          <ns0:controlfield tag="008">100519|2010####|||###########|||#u#ger#c</ns0:controlfield>
          <ns0:controlfield tag="009">AC08106836</ns0:controlfield>
          <ns0:datafield ind1=" " ind2=" " tag="015">
            <ns0:subfield code="a">OeBC</ns0:subfield>
            <ns0:subfield code="2">oeb</ns0:subfield>
          </ns0:datafield>
          <ns0:datafield ind1=" " ind2=" " tag="020">
            <ns0:subfield code="a">9783548373447</ns0:subfield>
            <ns0:subfield code="c">PB. : EUR 7.95, EUR 8.20 (AT), sfr 14.90 (freier Pr.)</ns0:subfield>
          </ns0:datafield>
          <ns0:datafield ind1=" " ind2=" " tag="035">
            <ns0:subfield code="a">(AT-OBV)AC08106836</ns0:subfield>
          </ns0:datafield>
          <ns0:datafield ind1=" " ind2=" " tag="035">
            <ns0:subfield code="a">AC08106836</ns0:subfield>
          </ns0:datafield>
          <ns0:datafield ind1=" " ind2=" " tag="035">
            <ns0:subfield code="a">(Aleph)008012186ACC01</ns0:subfield>
          </ns0:datafield>
          <ns0:datafield ind1=" " ind2=" " tag="035">
            <ns0:subfield code="a">(DE-599)OBVAC08106836</ns0:subfield>
          </ns0:datafield>
          <ns0:datafield ind1=" " ind2=" " tag="035">
            <ns0:subfield code="a">(EXLNZ-43ACC_NETWORK)990080121860203331</ns0:subfield>
          </ns0:datafield>
          <ns0:datafield ind1=" " ind2=" " tag="040">
            <ns0:subfield code="a">ONB</ns0:subfield>
            <ns0:subfield code="b">ger</ns0:subfield>
            <ns0:subfield code="d">AT-OBV</ns0:subfield>
            <ns0:subfield code="e">rakddb</ns0:subfield>
          </ns0:datafield>
          <ns0:datafield ind1=" " ind2=" " tag="041">
            <ns0:subfield code="a">ger</ns0:subfield>
          </ns0:datafield>
          <ns0:datafield ind1=" " ind2=" " tag="044">
            <ns0:subfield code="c">XA-DE-BE</ns0:subfield>
          </ns0:datafield>
          <ns0:datafield ind1=" " ind2=" " tag="084">
            <ns0:subfield code="a">830</ns0:subfield>
            <ns0:subfield code="a">B</ns0:subfield>
            <ns0:subfield code="q">DE-101</ns0:subfield>
            <ns0:subfield code="2">sdnb</ns0:subfield>
          </ns0:datafield>
          <ns0:datafield ind1=" " ind2=" " tag="084">
            <ns0:subfield code="a">18.10</ns0:subfield>
            <ns0:subfield code="2">bkl</ns0:subfield>
          </ns0:datafield>
          <ns0:datafield ind1=" " ind2=" " tag="084">
            <ns0:subfield code="a">17.97</ns0:subfield>
            <ns0:subfield code="2">bkl</ns0:subfield>
          </ns0:datafield>
          <ns0:datafield ind1=" " ind2=" " tag="084">
            <ns0:subfield code="a">MS 1204</ns0:subfield>
            <ns0:subfield code="2">rvk</ns0:subfield>
          </ns0:datafield>
          <ns0:datafield ind1=" " ind2=" " tag="090">
            <ns0:subfield code="h">h</ns0:subfield>
          </ns0:datafield>
          <ns0:datafield ind1="1" ind2=" " tag="100">
            <ns0:subfield code="a">Seling, Matthias</ns0:subfield>
            <ns0:subfield code="d">1969-</ns0:subfield>
            <ns0:subfield code="0">(DE-588)141358181</ns0:subfield>
            <ns0:subfield code="4">aut</ns0:subfield>
          </ns0:datafield>
          <ns0:datafield ind1="1" ind2="0" tag="245">
            <ns0:subfield code="a">"I werd narrisch"</ns0:subfield>
            <ns0:subfield code="b">ein &#214;sterreicher schlawinert sich durch Deutschland</ns0:subfield>
            <ns0:subfield code="c">Matthias Seling</ns0:subfield>
          </ns0:datafield>
          <ns0:datafield ind1=" " ind2=" " tag="250">
            <ns0:subfield code="a">1. Aufl.</ns0:subfield>
          </ns0:datafield>
          <ns0:datafield ind1=" " ind2="1" tag="264">
            <ns0:subfield code="a">Berlin</ns0:subfield>
            <ns0:subfield code="b">Ullstein Taschenbuch Verl.</ns0:subfield>
            <ns0:subfield code="c">2010</ns0:subfield>
          </ns0:datafield>
          <ns0:datafield ind1=" " ind2=" " tag="300">
            <ns0:subfield code="a">184 S.</ns0:subfield>
          </ns0:datafield>
          <ns0:datafield ind1="0" ind2=" " tag="490">
            <ns0:subfield code="a">Ullstein Taschenbuch</ns0:subfield>
            <ns0:subfield code="v">37344</ns0:subfield>
          </ns0:datafield>
          <ns0:datafield ind1=" " ind2="7" tag="655">
            <ns0:subfield code="a">Roman</ns0:subfield>
            <ns0:subfield code="2">bellobv</ns0:subfield>
          </ns0:datafield>
          <ns0:datafield ind1="1" ind2=" " tag="970">
            <ns0:subfield code="c">56</ns0:subfield>
          </ns0:datafield>
          <ns0:datafield ind1=" " ind2=" " tag="982">
            <ns0:subfield code="f">Deutsch</ns0:subfield>
            <ns0:subfield code="9">LOCAL</ns0:subfield>
          </ns0:datafield>
          <ns0:datafield ind1=" " ind2=" " tag="AVA">
            <ns0:subfield code="0">990027323400603338</ns0:subfield>
            <ns0:subfield code="8">22275039870003338</ns0:subfield>
            <ns0:subfield code="a">43ACC_ONB</ns0:subfield>
            <ns0:subfield code="b">ZNEU</ns0:subfield>
            <ns0:subfield code="c">Main Stacks at Heldenplatz (MAG)</ns0:subfield>
            <ns0:subfield code="d">1926225-B</ns0:subfield>
            <ns0:subfield code="e">available</ns0:subfield>
            <ns0:subfield code="f">1</ns0:subfield>
            <ns0:subfield code="g">0</ns0:subfield>
            <ns0:subfield code="j">MAG</ns0:subfield>
            <ns0:subfield code="p">1</ns0:subfield>
            <ns0:subfield code="q">Central Service Facility at Heldenplatz</ns0:subfield>
          </ns0:datafield>
        </ns0:record>