
      <ns0:record>
          <ns0:leader>01741nam a2200505 c 4500</ns0:leader>
          <ns0:controlfield tag="001">9958864544103338</ns0:controlfield>
          <ns0:controlfield tag="005">20220223170414.0</ns0:controlfield>
          <ns0:controlfield tag="007">tu</ns0:controlfield>
          <ns0:controlfield tag="008">200311s2018    |||||||| |||| 00||||ita|c</ns0:controlfield>
          <ns0:controlfield tag="009">AC16361991</ns0:controlfield>
          <ns0:datafield ind1=" " ind2=" " tag="015">
            <ns0:subfield code="a">OeBC</ns0:subfield>
            <ns0:subfield code="2">oeb</ns0:subfield>
          </ns0:datafield>
          <ns0:datafield ind1="7" ind2=" " tag="016">
            <ns0:subfield code="a">1206294418</ns0:subfield>
            <ns0:subfield code="2">DE-101</ns0:subfield>
          </ns0:datafield>
          <ns0:datafield ind1=" " ind2=" " tag="020">
            <ns0:subfield code="a">9788831742924</ns0:subfield>
            <ns0:subfield code="q">Broschur</ns0:subfield>
            <ns0:subfield code="c">EUR 15.00</ns0:subfield>
          </ns0:datafield>
          <ns0:datafield ind1=" " ind2=" " tag="020">
            <ns0:subfield code="a">8831742922</ns0:subfield>
          </ns0:datafield>
          <ns0:datafield ind1=" " ind2=" " tag="035">
            <ns0:subfield code="a">(AT-OBV)AC16361991</ns0:subfield>
          </ns0:datafield>
          <ns0:datafield ind1=" " ind2=" " tag="035">
            <ns0:subfield code="a">(DE-599)HEB451050398</ns0:subfield>
          </ns0:datafield>
          <ns0:datafield ind1=" " ind2=" " tag="035">
            <ns0:subfield code="a">(DE-603)451050398</ns0:subfield>
          </ns0:datafield>
          <ns0:datafield ind1=" " ind2=" " tag="035">
            <ns0:subfield code="a">(OCoLC)1268934410</ns0:subfield>
          </ns0:datafield>
          <ns0:datafield ind1=" " ind2=" " tag="035">
            <ns0:subfield code="a">(DE-101)1206294418</ns0:subfield>
          </ns0:datafield>
          <ns0:datafield ind1=" " ind2=" " tag="035">
            <ns0:subfield code="a">(EXLNZ-43ACC_NETWORK)99146370194203331</ns0:subfield>
          </ns0:datafield>
          <ns0:datafield ind1=" " ind2=" " tag="040">
            <ns0:subfield code="a">AT-OeNB</ns0:subfield>
            <ns0:subfield code="b">ger</ns0:subfield>
            <ns0:subfield code="c">DE-101</ns0:subfield>
            <ns0:subfield code="d">AT-OeNB</ns0:subfield>
            <ns0:subfield code="e">rda</ns0:subfield>
          </ns0:datafield>
          <ns0:datafield ind1=" " ind2=" " tag="041">
            <ns0:subfield code="a">ita</ns0:subfield>
          </ns0:datafield>
          <ns0:datafield ind1=" " ind2=" " tag="044">
            <ns0:subfield code="c">XA-IT</ns0:subfield>
          </ns0:datafield>
          <ns0:datafield ind1="0" ind2="4" tag="082">
            <ns0:subfield code="a">833.912</ns0:subfield>
            <ns0:subfield code="q">DE-101</ns0:subfield>
            <ns0:subfield code="2">23/ger</ns0:subfield>
          </ns0:datafield>
          <ns0:datafield ind1="0" ind2="4" tag="082">
            <ns0:subfield code="a">831.912</ns0:subfield>
            <ns0:subfield code="q">DE-101</ns0:subfield>
            <ns0:subfield code="2">23/ger</ns0:subfield>
          </ns0:datafield>
          <ns0:datafield ind1=" " ind2=" " tag="084">
            <ns0:subfield code="a">830</ns0:subfield>
            <ns0:subfield code="a">700</ns0:subfield>
            <ns0:subfield code="q">DE-101</ns0:subfield>
            <ns0:subfield code="2">sdnb</ns0:subfield>
          </ns0:datafield>
          <ns0:datafield ind1=" " ind2=" " tag="084">
            <ns0:subfield code="a">17.98</ns0:subfield>
            <ns0:subfield code="2">bkl</ns0:subfield>
          </ns0:datafield>
          <ns0:datafield ind1=" " ind2=" " tag="084">
            <ns0:subfield code="a">18.10</ns0:subfield>
            <ns0:subfield code="2">bkl</ns0:subfield>
          </ns0:datafield>
          <ns0:datafield ind1="0" ind2="0" tag="245">
            <ns0:subfield code="a">"Non mi puoi cancellare dalla tua memoria"</ns0:subfield>
            <ns0:subfield code="b">lettere 1904-1939</ns0:subfield>
            <ns0:subfield code="c">Benno Geiger, Stefan Zweig ; a cura di Diana Battisti ; premessa di Marco Meli</ns0:subfield>
          </ns0:datafield>
          <ns0:datafield ind1=" " ind2="1" tag="264">
            <ns0:subfield code="a">Venezia</ns0:subfield>
            <ns0:subfield code="b">Marsilio</ns0:subfield>
            <ns0:subfield code="c">[2018]</ns0:subfield>
          </ns0:datafield>
          <ns0:datafield ind1=" " ind2=" " tag="300">
            <ns0:subfield code="a">145 Seiten, 10 ungez&#228;hlte Seiten</ns0:subfield>
            <ns0:subfield code="c">21 cm</ns0:subfield>
          </ns0:datafield>
          <ns0:datafield ind1=" " ind2=" " tag="336">
            <ns0:subfield code="b">txt</ns0:subfield>
          </ns0:datafield>
          <ns0:datafield ind1=" " ind2=" " tag="337">
            <ns0:subfield code="b">n</ns0:subfield>
          </ns0:datafield>
          <ns0:datafield ind1=" " ind2=" " tag="338">
            <ns0:subfield code="b">nc</ns0:subfield>
          </ns0:datafield>
          <ns0:datafield ind1="0" ind2=" " tag="490">
            <ns0:subfield code="a">I giorni</ns0:subfield>
          </ns0:datafield>
          <ns0:datafield ind1=" " ind2="7" tag="655">
            <ns0:subfield code="a">Briefsammlung</ns0:subfield>
            <ns0:subfield code="y">1904-1939</ns0:subfield>
            <ns0:subfield code="0">(DE-588)4146609-3</ns0:subfield>
            <ns0:subfield code="2">gnd-content</ns0:subfield>
          </ns0:datafield>
          <ns0:datafield ind1="0" ind2="0" tag="689">
            <ns0:subfield code="a">Zweig, Stefan</ns0:subfield>
            <ns0:subfield code="d">1881-1942</ns0:subfield>
            <ns0:subfield code="D">p</ns0:subfield>
            <ns0:subfield code="0">(DE-588)118637479</ns0:subfield>
          </ns0:datafield>
          <ns0:datafield ind1="0" ind2="1" tag="689">
            <ns0:subfield code="a">Geiger, Benno</ns0:subfield>
            <ns0:subfield code="d">1882-1965</ns0:subfield>
            <ns0:subfield code="D">p</ns0:subfield>
            <ns0:subfield code="0">(DE-588)119368412</ns0:subfield>
          </ns0:datafield>
          <ns0:datafield ind1="0" ind2=" " tag="689">
            <ns0:subfield code="5">AT-OBV</ns0:subfield>
            <ns0:subfield code="5">DE-101</ns0:subfield>
          </ns0:datafield>
          <ns0:datafield ind1="1" ind2=" " tag="700">
            <ns0:subfield code="a">Geiger, Benno</ns0:subfield>
            <ns0:subfield code="d">1882-1965</ns0:subfield>
            <ns0:subfield code="0">(DE-588)119368412</ns0:subfield>
            <ns0:subfield code="4">aut</ns0:subfield>
          </ns0:datafield>
          <ns0:datafield ind1="1" ind2=" " tag="700">
            <ns0:subfield code="a">Zweig, Stefan</ns0:subfield>
            <ns0:subfield code="d">1881-1942</ns0:subfield>
            <ns0:subfield code="0">(DE-588)118637479</ns0:subfield>
            <ns0:subfield code="4">aut</ns0:subfield>
          </ns0:datafield>
          <ns0:datafield ind1="1" ind2=" " tag="700">
            <ns0:subfield code="a">Battisti, Diana</ns0:subfield>
            <ns0:subfield code="4">edt</ns0:subfield>
          </ns0:datafield>
          <ns0:datafield ind1="0" ind2="8" tag="787">
            <ns0:subfield code="i">Renzensiert in</ns0:subfield>
            <ns0:subfield code="a">Cambi, Fabrizio, 1952-</ns0:subfield>
            <ns0:subfield code="t">"Non mi puoi cancellare dalla tua memoria"</ns0:subfield>
          </ns0:datafield>
          <ns0:datafield ind1="4" ind2="2" tag="856">
            <ns0:subfield code="m">B:DE-101</ns0:subfield>
            <ns0:subfield code="q">application/pdf</ns0:subfield>
            <ns0:subfield code="u">https://d-nb.info/1206294418/04</ns0:subfield>
            <ns0:subfield code="3">Inhaltsverzeichnis</ns0:subfield>
          </ns0:datafield>
          <ns0:datafield ind1="1" ind2=" " tag="970">
            <ns0:subfield code="c">56</ns0:subfield>
          </ns0:datafield>
          <ns0:datafield ind1="0" ind2=" " tag="970">
            <ns0:subfield code="a">Digitaler Assistent</ns0:subfield>
          </ns0:datafield>
          <ns0:datafield ind1=" " ind2=" " tag="988">
            <ns0:subfield code="a">ONBAHF</ns0:subfield>
            <ns0:subfield code="9">local</ns0:subfield>
          </ns0:datafield>
          <ns0:datafield ind1=" " ind2=" " tag="AVA">
            <ns0:subfield code="0">9958864544103338</ns0:subfield>
            <ns0:subfield code="8">22488242170003338</ns0:subfield>
            <ns0:subfield code="a">43ACC_ONB</ns0:subfield>
            <ns0:subfield code="b">ZNEU</ns0:subfield>
            <ns0:subfield code="c">Main Stacks at Heldenplatz (MAG)</ns0:subfield>
            <ns0:subfield code="d">2195968-B</ns0:subfield>
            <ns0:subfield code="e">available</ns0:subfield>
            <ns0:subfield code="f">1</ns0:subfield>
            <ns0:subfield code="g">0</ns0:subfield>
            <ns0:subfield code="j">MAG</ns0:subfield>
            <ns0:subfield code="p">1</ns0:subfield>
            <ns0:subfield code="q">Central Service Facility at Heldenplatz</ns0:subfield>
          </ns0:datafield>
        </ns0:record>