
      <ns0:record>
          <ns0:leader>01458nam a2200433 c 4500</ns0:leader>
          <ns0:controlfield tag="001">990044608140603338</ns0:controlfield>
          <ns0:controlfield tag="005">20230513194108.0</ns0:controlfield>
          <ns0:controlfield tag="007">tu</ns0:controlfield>
          <ns0:controlfield tag="008">140217|2014####|||###########|||#|#ger#c</ns0:controlfield>
          <ns0:controlfield tag="009">AC11351094</ns0:controlfield>
          <ns0:datafield ind1=" " ind2=" " tag="015">
            <ns0:subfield code="a">OeBC</ns0:subfield>
            <ns0:subfield code="2">oeb</ns0:subfield>
          </ns0:datafield>
          <ns0:datafield ind1="7" ind2=" " tag="016">
            <ns0:subfield code="a">1044988223</ns0:subfield>
            <ns0:subfield code="2">DE-101b</ns0:subfield>
          </ns0:datafield>
          <ns0:datafield ind1=" " ind2=" " tag="020">
            <ns0:subfield code="a">9783458360018</ns0:subfield>
            <ns0:subfield code="c">Pb. : ca. EUR 8.00 (DE), ca. EUR 8.30 (AT), ca. sfr 11.90 (freier Pr.)</ns0:subfield>
          </ns0:datafield>
          <ns0:datafield ind1=" " ind2=" " tag="020">
            <ns0:subfield code="a">3458360018</ns0:subfield>
          </ns0:datafield>
          <ns0:datafield ind1=" " ind2=" " tag="035">
            <ns0:subfield code="a">(AT-OBV)AC11351094</ns0:subfield>
          </ns0:datafield>
          <ns0:datafield ind1=" " ind2=" " tag="035">
            <ns0:subfield code="a">AC11351094</ns0:subfield>
          </ns0:datafield>
          <ns0:datafield ind1=" " ind2=" " tag="035">
            <ns0:subfield code="a">(Aleph)011371248ACC01</ns0:subfield>
          </ns0:datafield>
          <ns0:datafield ind1=" " ind2=" " tag="035">
            <ns0:subfield code="a">(DE-599)DNB1044988223</ns0:subfield>
          </ns0:datafield>
          <ns0:datafield ind1=" " ind2=" " tag="035">
            <ns0:subfield code="a">(EXLNZ-43ACC_NETWORK)990113712480203331</ns0:subfield>
          </ns0:datafield>
          <ns0:datafield ind1=" " ind2=" " tag="040">
            <ns0:subfield code="a">ONB</ns0:subfield>
            <ns0:subfield code="b">ger</ns0:subfield>
            <ns0:subfield code="c">DNB</ns0:subfield>
            <ns0:subfield code="d">AT-OBV</ns0:subfield>
            <ns0:subfield code="e">rakddb</ns0:subfield>
          </ns0:datafield>
          <ns0:datafield ind1=" " ind2=" " tag="041">
            <ns0:subfield code="a">ger</ns0:subfield>
          </ns0:datafield>
          <ns0:datafield ind1=" " ind2=" " tag="044">
            <ns0:subfield code="c">XA-DE</ns0:subfield>
          </ns0:datafield>
          <ns0:datafield ind1=" " ind2=" " tag="084">
            <ns0:subfield code="a">18.00</ns0:subfield>
            <ns0:subfield code="2">bkl</ns0:subfield>
          </ns0:datafield>
          <ns0:datafield ind1=" " ind2=" " tag="084">
            <ns0:subfield code="a">17.98</ns0:subfield>
            <ns0:subfield code="2">bkl</ns0:subfield>
          </ns0:datafield>
          <ns0:datafield ind1="0" ind2="0" tag="245">
            <ns0:subfield code="a">"Seit heute, aber f&#252;r immer"</ns0:subfield>
            <ns0:subfield code="b">die sch&#246;nsten Liebesgedichte</ns0:subfield>
            <ns0:subfield code="c">ausgew. und mit Nachw. versehen von Elke Heidenreich und Andr&#233; Heller</ns0:subfield>
          </ns0:datafield>
          <ns0:datafield ind1=" " ind2=" " tag="250">
            <ns0:subfield code="a">1. Aufl.</ns0:subfield>
          </ns0:datafield>
          <ns0:datafield ind1=" " ind2="1" tag="264">
            <ns0:subfield code="a">Berlin</ns0:subfield>
            <ns0:subfield code="b">Insel Verlag</ns0:subfield>
            <ns0:subfield code="c">2014</ns0:subfield>
          </ns0:datafield>
          <ns0:datafield ind1=" " ind2=" " tag="300">
            <ns0:subfield code="a">329 S.</ns0:subfield>
          </ns0:datafield>
          <ns0:datafield ind1="0" ind2=" " tag="490">
            <ns0:subfield code="a">Insel-Taschenb&#252;cher</ns0:subfield>
            <ns0:subfield code="v">4301</ns0:subfield>
          </ns0:datafield>
          <ns0:datafield ind1=" " ind2=" " tag="500">
            <ns0:subfield code="a">Literaturverz. S. 313 - [330]</ns0:subfield>
          </ns0:datafield>
          <ns0:datafield ind1=" " ind2="7" tag="655">
            <ns0:subfield code="a">Gedicht</ns0:subfield>
            <ns0:subfield code="2">bellobv</ns0:subfield>
          </ns0:datafield>
          <ns0:datafield ind1="0" ind2="0" tag="689">
            <ns0:subfield code="a">Liebe</ns0:subfield>
            <ns0:subfield code="D">s</ns0:subfield>
            <ns0:subfield code="0">(DE-588)4035646-2</ns0:subfield>
          </ns0:datafield>
          <ns0:datafield ind1="0" ind2="1" tag="689">
            <ns0:subfield code="a">Lyrik</ns0:subfield>
            <ns0:subfield code="D">s</ns0:subfield>
            <ns0:subfield code="0">(DE-588)4036774-5</ns0:subfield>
          </ns0:datafield>
          <ns0:datafield ind1="0" ind2="2" tag="689">
            <ns0:subfield code="a">Anthologie</ns0:subfield>
            <ns0:subfield code="A">f</ns0:subfield>
          </ns0:datafield>
          <ns0:datafield ind1="0" ind2=" " tag="689">
            <ns0:subfield code="5">AT-OBV</ns0:subfield>
            <ns0:subfield code="5">ONBHEA</ns0:subfield>
          </ns0:datafield>
          <ns0:datafield ind1="1" ind2=" " tag="700">
            <ns0:subfield code="a">Heidenreich, Elke</ns0:subfield>
            <ns0:subfield code="d">1943-</ns0:subfield>
            <ns0:subfield code="0">(DE-588)120666553</ns0:subfield>
            <ns0:subfield code="4">edt</ns0:subfield>
          </ns0:datafield>
          <ns0:datafield ind1="1" ind2=" " tag="700">
            <ns0:subfield code="a">Heller, Andr&#233;</ns0:subfield>
            <ns0:subfield code="d">1947-</ns0:subfield>
            <ns0:subfield code="0">(DE-588)118548832</ns0:subfield>
            <ns0:subfield code="4">edt</ns0:subfield>
          </ns0:datafield>
          <ns0:datafield ind1=" " ind2="0" tag="830">
            <ns0:subfield code="v">4301</ns0:subfield>
          </ns0:datafield>
          <ns0:datafield ind1="4" ind2="2" tag="856">
            <ns0:subfield code="m">B:DE-101</ns0:subfield>
            <ns0:subfield code="q">application/pdf</ns0:subfield>
            <ns0:subfield code="u">http://d-nb.info/1044988223/04</ns0:subfield>
            <ns0:subfield code="x">DNB-TOC</ns0:subfield>
            <ns0:subfield code="3">Inhaltsverzeichnis</ns0:subfield>
            <ns0:subfield code="o">OBV-EDOC-DNBTOC</ns0:subfield>
          </ns0:datafield>
          <ns0:datafield ind1="1" ind2=" " tag="970">
            <ns0:subfield code="c">56</ns0:subfield>
          </ns0:datafield>
          <ns0:datafield ind1="0" ind2=" " tag="980">
            <ns0:subfield code="a">DNB</ns0:subfield>
            <ns0:subfield code="9">LOCAL</ns0:subfield>
          </ns0:datafield>
          <ns0:datafield ind1=" " ind2=" " tag="982">
            <ns0:subfield code="f">Mehrsprachig o</ns0:subfield>
            <ns0:subfield code="9">LOCAL</ns0:subfield>
          </ns0:datafield>
          <ns0:datafield ind1=" " ind2=" " tag="982">
            <ns0:subfield code="f">Deutsch &#252;</ns0:subfield>
            <ns0:subfield code="9">LOCAL</ns0:subfield>
          </ns0:datafield>
          <ns0:datafield ind1=" " ind2=" " tag="AVA">
            <ns0:subfield code="0">990044608140603338</ns0:subfield>
            <ns0:subfield code="8">22236985000003338</ns0:subfield>
            <ns0:subfield code="a">43ACC_ONB</ns0:subfield>
            <ns0:subfield code="b">ZNEU</ns0:subfield>
            <ns0:subfield code="c">Main Stacks at Heldenplatz (MAG)</ns0:subfield>
            <ns0:subfield code="d">2027162-B</ns0:subfield>
            <ns0:subfield code="e">available</ns0:subfield>
            <ns0:subfield code="f">1</ns0:subfield>
            <ns0:subfield code="g">0</ns0:subfield>
            <ns0:subfield code="j">MAG</ns0:subfield>
            <ns0:subfield code="p">1</ns0:subfield>
            <ns0:subfield code="q">Central Service Facility at Heldenplatz</ns0:subfield>
          </ns0:datafield>
        </ns0:record>