
      <ns0:record>
          <ns0:leader>01287nam a2200397 c 4500</ns0:leader>
          <ns0:controlfield tag="001">9959082105403338</ns0:controlfield>
          <ns0:controlfield tag="005">20240408134512.0</ns0:controlfield>
          <ns0:controlfield tag="007">tu</ns0:controlfield>
          <ns0:controlfield tag="008">231129s2024    |||||||| |||| 00||||ger|c</ns0:controlfield>
          <ns0:controlfield tag="009">AC17081710</ns0:controlfield>
          <ns0:datafield ind1=" " ind2=" " tag="015">
            <ns0:subfield code="a">OeBC</ns0:subfield>
            <ns0:subfield code="2">oeb</ns0:subfield>
          </ns0:datafield>
          <ns0:datafield ind1="7" ind2=" " tag="016">
            <ns0:subfield code="a">1311599088</ns0:subfield>
            <ns0:subfield code="2">DE-101</ns0:subfield>
          </ns0:datafield>
          <ns0:datafield ind1=" " ind2=" " tag="020">
            <ns0:subfield code="a">9783150144343</ns0:subfield>
            <ns0:subfield code="q">Broschiert</ns0:subfield>
            <ns0:subfield code="c">EUR 6.00 (DE), EUR 6.20 (AT)</ns0:subfield>
          </ns0:datafield>
          <ns0:datafield ind1="3" ind2=" " tag="024">
            <ns0:subfield code="a">9783150144343</ns0:subfield>
          </ns0:datafield>
          <ns0:datafield ind1=" " ind2=" " tag="035">
            <ns0:subfield code="a">(AT-OBV)AC17081710</ns0:subfield>
          </ns0:datafield>
          <ns0:datafield ind1=" " ind2=" " tag="035">
            <ns0:subfield code="a">(DE-599)DNB1311599088</ns0:subfield>
          </ns0:datafield>
          <ns0:datafield ind1=" " ind2=" " tag="035">
            <ns0:subfield code="a">(OCoLC)1412041536</ns0:subfield>
          </ns0:datafield>
          <ns0:datafield ind1=" " ind2=" " tag="035">
            <ns0:subfield code="a">(DE-101)1311599088</ns0:subfield>
          </ns0:datafield>
          <ns0:datafield ind1=" " ind2=" " tag="035">
            <ns0:subfield code="a">(EXLNZ-43ACC_NETWORK)99147954655203331</ns0:subfield>
          </ns0:datafield>
          <ns0:datafield ind1=" " ind2=" " tag="040">
            <ns0:subfield code="a">AT-UBW</ns0:subfield>
            <ns0:subfield code="b">ger</ns0:subfield>
            <ns0:subfield code="c">DE-101</ns0:subfield>
            <ns0:subfield code="d">AT-UBW</ns0:subfield>
            <ns0:subfield code="e">rda</ns0:subfield>
          </ns0:datafield>
          <ns0:datafield ind1=" " ind2=" " tag="041">
            <ns0:subfield code="a">ger</ns0:subfield>
          </ns0:datafield>
          <ns0:datafield ind1=" " ind2=" " tag="044">
            <ns0:subfield code="c">XA-DE-BW</ns0:subfield>
          </ns0:datafield>
          <ns0:datafield ind1=" " ind2=" " tag="084">
            <ns0:subfield code="a">080</ns0:subfield>
            <ns0:subfield code="q">DE-101</ns0:subfield>
            <ns0:subfield code="2">sdnb</ns0:subfield>
          </ns0:datafield>
          <ns0:datafield ind1="1" ind2=" " tag="100">
            <ns0:subfield code="a">Kafka, Franz</ns0:subfield>
            <ns0:subfield code="d">1883-1924</ns0:subfield>
            <ns0:subfield code="0">(DE-588)118559230</ns0:subfield>
            <ns0:subfield code="4">aut</ns0:subfield>
          </ns0:datafield>
          <ns0:datafield ind1="1" ind2="0" tag="245">
            <ns0:subfield code="a">"Wahrheit ist unteilbar"</ns0:subfield>
            <ns0:subfield code="b">die Aphorismen</ns0:subfield>
            <ns0:subfield code="c">Franz Kafka ; mit einem Nachwort herausgegeben von Marcel Krings</ns0:subfield>
          </ns0:datafield>
          <ns0:datafield ind1="1" ind2=" " tag="246">
            <ns0:subfield code="i">R&#252;ckentitel</ns0:subfield>
            <ns0:subfield code="a">&lt;&lt;Die&gt;&gt; Aphorismen</ns0:subfield>
          </ns0:datafield>
          <ns0:datafield ind1=" " ind2="1" tag="264">
            <ns0:subfield code="a">Ditzingen</ns0:subfield>
            <ns0:subfield code="b">Reclam</ns0:subfield>
            <ns0:subfield code="c">2024</ns0:subfield>
          </ns0:datafield>
          <ns0:datafield ind1=" " ind2=" " tag="300">
            <ns0:subfield code="a">82 Seiten</ns0:subfield>
            <ns0:subfield code="c">14.8 cm x 9.6 cm</ns0:subfield>
          </ns0:datafield>
          <ns0:datafield ind1=" " ind2=" " tag="336">
            <ns0:subfield code="b">txt</ns0:subfield>
          </ns0:datafield>
          <ns0:datafield ind1=" " ind2=" " tag="337">
            <ns0:subfield code="b">n</ns0:subfield>
          </ns0:datafield>
          <ns0:datafield ind1=" " ind2=" " tag="338">
            <ns0:subfield code="b">nc</ns0:subfield>
          </ns0:datafield>
          <ns0:datafield ind1="0" ind2=" " tag="490">
            <ns0:subfield code="a">Reclams Universal-Bibliothek</ns0:subfield>
            <ns0:subfield code="v">Nr. 14434</ns0:subfield>
          </ns0:datafield>
          <ns0:datafield ind1=" " ind2=" " tag="500">
            <ns0:subfield code="a">Enth&#228;lt Literaturverzeichnis auf Seite 71-73</ns0:subfield>
          </ns0:datafield>
          <ns0:datafield ind1="1" ind2=" " tag="700">
            <ns0:subfield code="a">Krings, Marcel</ns0:subfield>
            <ns0:subfield code="d">1972-</ns0:subfield>
            <ns0:subfield code="0">(DE-588)133361217</ns0:subfield>
            <ns0:subfield code="4">edt</ns0:subfield>
            <ns0:subfield code="4">aft</ns0:subfield>
          </ns0:datafield>
          <ns0:datafield ind1="2" ind2=" " tag="710">
            <ns0:subfield code="a">Philipp Reclam jun. Verlag</ns0:subfield>
            <ns0:subfield code="0">(DE-588)1175565466</ns0:subfield>
            <ns0:subfield code="4">pbl</ns0:subfield>
          </ns0:datafield>
          <ns0:datafield ind1="4" ind2=" " tag="970">
            <ns0:subfield code="b">DE-101</ns0:subfield>
          </ns0:datafield>
          <ns0:datafield ind1="1" ind2=" " tag="970">
            <ns0:subfield code="c">56</ns0:subfield>
          </ns0:datafield>
          <ns0:datafield ind1=" " ind2=" " tag="AVA">
            <ns0:subfield code="0">9959082105403338</ns0:subfield>
            <ns0:subfield code="8">22519507290003338</ns0:subfield>
            <ns0:subfield code="a">43ACC_ONB</ns0:subfield>
            <ns0:subfield code="b">ZNEU</ns0:subfield>
            <ns0:subfield code="c">Main Stacks at Heldenplatz (MAG)</ns0:subfield>
            <ns0:subfield code="d">2251510-A</ns0:subfield>
            <ns0:subfield code="e">unavailable</ns0:subfield>
            <ns0:subfield code="f">1</ns0:subfield>
            <ns0:subfield code="g">1</ns0:subfield>
            <ns0:subfield code="j">MAG</ns0:subfield>
            <ns0:subfield code="p">1</ns0:subfield>
            <ns0:subfield code="q">Central Service Facility at Heldenplatz</ns0:subfield>
          </ns0:datafield>
        </ns0:record>