
      <ns0:record>
          <ns0:leader>01534nam a2200469 c 4500</ns0:leader>
          <ns0:controlfield tag="001">9958562479203338</ns0:controlfield>
          <ns0:controlfield tag="005">20191122151009.0</ns0:controlfield>
          <ns0:controlfield tag="007">tu</ns0:controlfield>
          <ns0:controlfield tag="008">190329s2018    |||||||| |||| 00||||swe|c</ns0:controlfield>
          <ns0:controlfield tag="009">AC15447697</ns0:controlfield>
          <ns0:datafield ind1=" " ind2=" " tag="015">
            <ns0:subfield code="a">OeBC</ns0:subfield>
            <ns0:subfield code="2">oeb</ns0:subfield>
          </ns0:datafield>
          <ns0:datafield ind1=" " ind2=" " tag="015">
            <ns0:subfield code="a">19,A21</ns0:subfield>
            <ns0:subfield code="2">dnb</ns0:subfield>
          </ns0:datafield>
          <ns0:datafield ind1=" " ind2=" " tag="020">
            <ns0:subfield code="a">9789187393525</ns0:subfield>
            <ns0:subfield code="c">Broschur</ns0:subfield>
          </ns0:datafield>
          <ns0:datafield ind1=" " ind2=" " tag="035">
            <ns0:subfield code="a">(AT-OBV)AC15447697</ns0:subfield>
          </ns0:datafield>
          <ns0:datafield ind1=" " ind2=" " tag="035">
            <ns0:subfield code="a">(DE-599)DNB1182060692</ns0:subfield>
          </ns0:datafield>
          <ns0:datafield ind1=" " ind2=" " tag="035">
            <ns0:subfield code="a">(OCoLC)on1078203215</ns0:subfield>
          </ns0:datafield>
          <ns0:datafield ind1=" " ind2=" " tag="035">
            <ns0:subfield code="a">(OCoLC)1078203215</ns0:subfield>
          </ns0:datafield>
          <ns0:datafield ind1=" " ind2=" " tag="035">
            <ns0:subfield code="a">(DE-101)1182060692</ns0:subfield>
          </ns0:datafield>
          <ns0:datafield ind1=" " ind2=" " tag="035">
            <ns0:subfield code="a">oai:dnb.de/dnb/1182060692</ns0:subfield>
          </ns0:datafield>
          <ns0:datafield ind1=" " ind2=" " tag="035">
            <ns0:subfield code="a">(EXLNZ-43ACC_NETWORK)99145036417503331</ns0:subfield>
          </ns0:datafield>
          <ns0:datafield ind1=" " ind2=" " tag="040">
            <ns0:subfield code="a">AT-OeNB</ns0:subfield>
            <ns0:subfield code="b">ger</ns0:subfield>
            <ns0:subfield code="c">DE-101</ns0:subfield>
            <ns0:subfield code="d">AT-OBV</ns0:subfield>
            <ns0:subfield code="e">rda</ns0:subfield>
          </ns0:datafield>
          <ns0:datafield ind1=" " ind2=" " tag="041">
            <ns0:subfield code="a">swe</ns0:subfield>
            <ns0:subfield code="h">ger</ns0:subfield>
          </ns0:datafield>
          <ns0:datafield ind1=" " ind2=" " tag="044">
            <ns0:subfield code="c">XA-SE</ns0:subfield>
          </ns0:datafield>
          <ns0:datafield ind1=" " ind2=" " tag="084">
            <ns0:subfield code="a">830</ns0:subfield>
            <ns0:subfield code="a">B</ns0:subfield>
            <ns0:subfield code="q">DE-101</ns0:subfield>
            <ns0:subfield code="2">sdnb</ns0:subfield>
          </ns0:datafield>
          <ns0:datafield ind1=" " ind2=" " tag="084">
            <ns0:subfield code="a">18.10</ns0:subfield>
            <ns0:subfield code="2">bkl</ns0:subfield>
          </ns0:datafield>
          <ns0:datafield ind1=" " ind2=" " tag="084">
            <ns0:subfield code="a">17.97</ns0:subfield>
            <ns0:subfield code="2">bkl</ns0:subfield>
          </ns0:datafield>
          <ns0:datafield ind1="1" ind2=" " tag="100">
            <ns0:subfield code="a">Haushofer, Marlen</ns0:subfield>
            <ns0:subfield code="d">1920-1970</ns0:subfield>
            <ns0:subfield code="0">(DE-588)118811134</ns0:subfield>
            <ns0:subfield code="4">aut</ns0:subfield>
          </ns0:datafield>
          <ns0:datafield ind1="1" ind2="0" tag="245">
            <ns0:subfield code="a">18 noveller</ns0:subfield>
            <ns0:subfield code="c">Marlen Haushofer ; &#246;versatta fr&#229;n tyska av Anders Bj&#246;rnsson</ns0:subfield>
          </ns0:datafield>
          <ns0:datafield ind1="3" ind2=" " tag="246">
            <ns0:subfield code="a">Arton noveller</ns0:subfield>
          </ns0:datafield>
          <ns0:datafield ind1=" " ind2="3" tag="264">
            <ns0:subfield code="a">Lund</ns0:subfield>
            <ns0:subfield code="b">Celanders f&#246;rlag</ns0:subfield>
            <ns0:subfield code="c">2018</ns0:subfield>
          </ns0:datafield>
          <ns0:datafield ind1=" " ind2=" " tag="300">
            <ns0:subfield code="a">176 Seiten</ns0:subfield>
            <ns0:subfield code="c">19cm</ns0:subfield>
          </ns0:datafield>
          <ns0:datafield ind1=" " ind2=" " tag="336">
            <ns0:subfield code="b">txt</ns0:subfield>
          </ns0:datafield>
          <ns0:datafield ind1=" " ind2=" " tag="337">
            <ns0:subfield code="b">n</ns0:subfield>
          </ns0:datafield>
          <ns0:datafield ind1=" " ind2=" " tag="338">
            <ns0:subfield code="b">nc</ns0:subfield>
          </ns0:datafield>
          <ns0:datafield ind1=" " ind2=" " tag="500">
            <ns0:subfield code="a">Lizenz des Verl. Ullstein, Berlin; First published in "Schreckliche Treue" in 1992 by Cla[a]ssen Verlag</ns0:subfield>
          </ns0:datafield>
          <ns0:datafield ind1=" " ind2="7" tag="655">
            <ns0:subfield code="a">Fiktionale Darstellung</ns0:subfield>
            <ns0:subfield code="0">(DE-588)1071854844</ns0:subfield>
            <ns0:subfield code="2">gnd-content</ns0:subfield>
          </ns0:datafield>
          <ns0:datafield ind1=" " ind2="7" tag="655">
            <ns0:subfield code="a">Erz&#228;hlende Literatur</ns0:subfield>
            <ns0:subfield code="2">gatbeg</ns0:subfield>
          </ns0:datafield>
          <ns0:datafield ind1=" " ind2="7" tag="655">
            <ns0:subfield code="a">Erz&#228;hlung</ns0:subfield>
            <ns0:subfield code="2">bellobv</ns0:subfield>
          </ns0:datafield>
          <ns0:datafield ind1="1" ind2=" " tag="700">
            <ns0:subfield code="a">Bj&#246;rnsson, Anders</ns0:subfield>
            <ns0:subfield code="d">1951-</ns0:subfield>
            <ns0:subfield code="0">(DE-588)1053060041</ns0:subfield>
            <ns0:subfield code="4">trl</ns0:subfield>
          </ns0:datafield>
          <ns0:datafield ind1="4" ind2="2" tag="856">
            <ns0:subfield code="m">B:DE-101</ns0:subfield>
            <ns0:subfield code="q">application/pdf</ns0:subfield>
            <ns0:subfield code="u">http://d-nb.info/1182060692/04</ns0:subfield>
            <ns0:subfield code="x">DNB-TOC</ns0:subfield>
            <ns0:subfield code="3">Inhaltsverzeichnis</ns0:subfield>
            <ns0:subfield code="o">OBV-EDOC-DNBTOC</ns0:subfield>
          </ns0:datafield>
          <ns0:datafield ind1="4" ind2=" " tag="970">
            <ns0:subfield code="b">DE-101</ns0:subfield>
          </ns0:datafield>
          <ns0:datafield ind1="1" ind2=" " tag="970">
            <ns0:subfield code="c">56</ns0:subfield>
          </ns0:datafield>
          <ns0:datafield ind1="2" ind2=" " tag="970">
            <ns0:subfield code="a">AT-OeNB</ns0:subfield>
          </ns0:datafield>
          <ns0:datafield ind1=" " ind2=" " tag="988">
            <ns0:subfield code="a">ONBAHF</ns0:subfield>
            <ns0:subfield code="9">local</ns0:subfield>
          </ns0:datafield>
          <ns0:datafield ind1=" " ind2=" " tag="AVA">
            <ns0:subfield code="0">9958562479203338</ns0:subfield>
            <ns0:subfield code="8">22408149070003338</ns0:subfield>
            <ns0:subfield code="a">43ACC_ONB</ns0:subfield>
            <ns0:subfield code="b">ZNEU</ns0:subfield>
            <ns0:subfield code="c">Main Stacks at Heldenplatz (MAG)</ns0:subfield>
            <ns0:subfield code="d">2147892-B</ns0:subfield>
            <ns0:subfield code="e">available</ns0:subfield>
            <ns0:subfield code="f">1</ns0:subfield>
            <ns0:subfield code="g">0</ns0:subfield>
            <ns0:subfield code="j">MAG</ns0:subfield>
            <ns0:subfield code="p">1</ns0:subfield>
            <ns0:subfield code="q">Central Service Facility at Heldenplatz</ns0:subfield>
          </ns0:datafield>
        </ns0:record>