
      <ns0:record>
          <ns0:leader>01692nam a22005178c 4500</ns0:leader>
          <ns0:controlfield tag="001">9958558726703338</ns0:controlfield>
          <ns0:controlfield tag="005">20231207172640.0</ns0:controlfield>
          <ns0:controlfield tag="007">tu</ns0:controlfield>
          <ns0:controlfield tag="008">190801|2017    |||           ||| | ger c</ns0:controlfield>
          <ns0:controlfield tag="009">AC15428393</ns0:controlfield>
          <ns0:datafield ind1=" " ind2=" " tag="015">
            <ns0:subfield code="a">OeBC</ns0:subfield>
            <ns0:subfield code="2">oeb</ns0:subfield>
          </ns0:datafield>
          <ns0:datafield ind1=" " ind2=" " tag="020">
            <ns0:subfield code="a">9783740731236</ns0:subfield>
            <ns0:subfield code="c">Broschur : EUR 19.99 (DE), EUR 20.60 (AT)</ns0:subfield>
          </ns0:datafield>
          <ns0:datafield ind1=" " ind2=" " tag="020">
            <ns0:subfield code="a">3740731230</ns0:subfield>
          </ns0:datafield>
          <ns0:datafield ind1=" " ind2=" " tag="035">
            <ns0:subfield code="a">(AT-OBV)AC15428393</ns0:subfield>
          </ns0:datafield>
          <ns0:datafield ind1=" " ind2=" " tag="035">
            <ns0:subfield code="a">(DE-599)OBVAC15428393</ns0:subfield>
          </ns0:datafield>
          <ns0:datafield ind1=" " ind2=" " tag="035">
            <ns0:subfield code="a">(EXLNZ-43ACC_NETWORK)99145031900603331</ns0:subfield>
          </ns0:datafield>
          <ns0:datafield ind1=" " ind2=" " tag="040">
            <ns0:subfield code="a">ONB</ns0:subfield>
            <ns0:subfield code="b">ger</ns0:subfield>
            <ns0:subfield code="d">AT-UBG</ns0:subfield>
            <ns0:subfield code="e">rda</ns0:subfield>
          </ns0:datafield>
          <ns0:datafield ind1=" " ind2=" " tag="041">
            <ns0:subfield code="a">ger</ns0:subfield>
          </ns0:datafield>
          <ns0:datafield ind1=" " ind2=" " tag="044">
            <ns0:subfield code="c">XA-DE-SH</ns0:subfield>
          </ns0:datafield>
          <ns0:datafield ind1=" " ind2=" " tag="084">
            <ns0:subfield code="a">830</ns0:subfield>
            <ns0:subfield code="a">B</ns0:subfield>
            <ns0:subfield code="q">DE-101</ns0:subfield>
            <ns0:subfield code="2">sdnb</ns0:subfield>
          </ns0:datafield>
          <ns0:datafield ind1=" " ind2=" " tag="084">
            <ns0:subfield code="a">18.10</ns0:subfield>
            <ns0:subfield code="2">bkl</ns0:subfield>
          </ns0:datafield>
          <ns0:datafield ind1=" " ind2=" " tag="084">
            <ns0:subfield code="a">17.97</ns0:subfield>
            <ns0:subfield code="2">bkl</ns0:subfield>
          </ns0:datafield>
          <ns0:datafield ind1="1" ind2=" " tag="100">
            <ns0:subfield code="a">Rothbart, Stefan</ns0:subfield>
            <ns0:subfield code="d">1986-</ns0:subfield>
            <ns0:subfield code="0">(DE-588)132104458</ns0:subfield>
            <ns0:subfield code="4">aut</ns0:subfield>
          </ns0:datafield>
          <ns0:datafield ind1="1" ind2="0" tag="245">
            <ns0:subfield code="a">1809 - Die letzte Festung</ns0:subfield>
            <ns0:subfield code="b">Die Geschichte der Grazer Schlo&#223;bergbelagerung</ns0:subfield>
            <ns0:subfield code="c">Stefan Rothbart</ns0:subfield>
          </ns0:datafield>
          <ns0:datafield ind1=" " ind2=" " tag="250">
            <ns0:subfield code="a">3. Auflage 2017</ns0:subfield>
          </ns0:datafield>
          <ns0:datafield ind1=" " ind2="1" tag="264">
            <ns0:subfield code="a">Norderstedt</ns0:subfield>
            <ns0:subfield code="b">TWENTYSIX</ns0:subfield>
            <ns0:subfield code="c">2017</ns0:subfield>
          </ns0:datafield>
          <ns0:datafield ind1=" " ind2=" " tag="300">
            <ns0:subfield code="a">500 Seiten</ns0:subfield>
            <ns0:subfield code="c">21.5 cm x 13.5 cm, 669 g</ns0:subfield>
          </ns0:datafield>
          <ns0:datafield ind1=" " ind2=" " tag="336">
            <ns0:subfield code="b">txt</ns0:subfield>
          </ns0:datafield>
          <ns0:datafield ind1=" " ind2=" " tag="337">
            <ns0:subfield code="b">n</ns0:subfield>
          </ns0:datafield>
          <ns0:datafield ind1=" " ind2=" " tag="338">
            <ns0:subfield code="b">nc</ns0:subfield>
          </ns0:datafield>
          <ns0:datafield ind1=" " ind2=" " tag="653">
            <ns0:subfield code="a">Napoleon</ns0:subfield>
          </ns0:datafield>
          <ns0:datafield ind1=" " ind2=" " tag="653">
            <ns0:subfield code="a">Habsburger</ns0:subfield>
          </ns0:datafield>
          <ns0:datafield ind1=" " ind2=" " tag="653">
            <ns0:subfield code="a">Steiermark</ns0:subfield>
          </ns0:datafield>
          <ns0:datafield ind1=" " ind2=" " tag="653">
            <ns0:subfield code="a">Graz</ns0:subfield>
          </ns0:datafield>
          <ns0:datafield ind1=" " ind2=" " tag="653">
            <ns0:subfield code="a">Spannung</ns0:subfield>
          </ns0:datafield>
          <ns0:datafield ind1=" " ind2="7" tag="655">
            <ns0:subfield code="a">Historische Romane und Erz&#228;hlungen</ns0:subfield>
            <ns0:subfield code="2">gatbeg</ns0:subfield>
          </ns0:datafield>
          <ns0:datafield ind1=" " ind2="7" tag="655">
            <ns0:subfield code="a">Fiktionale Darstellung</ns0:subfield>
            <ns0:subfield code="0">(DE-588)1071854844</ns0:subfield>
            <ns0:subfield code="2">gnd-content</ns0:subfield>
          </ns0:datafield>
          <ns0:datafield ind1=" " ind2="7" tag="655">
            <ns0:subfield code="a">Historischer Roman</ns0:subfield>
            <ns0:subfield code="2">bellobv</ns0:subfield>
          </ns0:datafield>
          <ns0:datafield ind1="0" ind2="0" tag="689">
            <ns0:subfield code="a">Napoleon</ns0:subfield>
            <ns0:subfield code="b">I.</ns0:subfield>
            <ns0:subfield code="c">Frankreich, Kaiser</ns0:subfield>
            <ns0:subfield code="d">1769-1821</ns0:subfield>
            <ns0:subfield code="D">p</ns0:subfield>
            <ns0:subfield code="0">(DE-588)118586408</ns0:subfield>
          </ns0:datafield>
          <ns0:datafield ind1="0" ind2="1" tag="689">
            <ns0:subfield code="a">Schlossberg Graz</ns0:subfield>
            <ns0:subfield code="D">g</ns0:subfield>
            <ns0:subfield code="0">(DE-588)4119874-8</ns0:subfield>
          </ns0:datafield>
          <ns0:datafield ind1="0" ind2="2" tag="689">
            <ns0:subfield code="a">Belagerung</ns0:subfield>
            <ns0:subfield code="D">s</ns0:subfield>
            <ns0:subfield code="0">(DE-588)4125327-9</ns0:subfield>
          </ns0:datafield>
          <ns0:datafield ind1="0" ind2="3" tag="689">
            <ns0:subfield code="a">Geschichte 1809</ns0:subfield>
            <ns0:subfield code="A">z</ns0:subfield>
          </ns0:datafield>
          <ns0:datafield ind1="0" ind2=" " tag="689">
            <ns0:subfield code="5">AT-OBV</ns0:subfield>
            <ns0:subfield code="5">AT-UBG</ns0:subfield>
          </ns0:datafield>
          <ns0:datafield ind1="4" ind2="2" tag="856">
            <ns0:subfield code="m">X:MVB</ns0:subfield>
            <ns0:subfield code="q">text/html</ns0:subfield>
            <ns0:subfield code="u">http://deposit.dnb.de/cgi-bin/dokserv?id=986df7e150614dc485054e98d628fe7c&amp;prov=M&amp;dok_var=1&amp;dok_ext=htm</ns0:subfield>
            <ns0:subfield code="3">Inhaltstext</ns0:subfield>
          </ns0:datafield>
          <ns0:datafield ind1="1" ind2=" " tag="970">
            <ns0:subfield code="c">56</ns0:subfield>
          </ns0:datafield>
          <ns0:datafield ind1="2" ind2=" " tag="970">
            <ns0:subfield code="a">ONB</ns0:subfield>
          </ns0:datafield>
          <ns0:datafield ind1="0" ind2=" " tag="970">
            <ns0:subfield code="a">Digitaler Assistent</ns0:subfield>
          </ns0:datafield>
          <ns0:datafield ind1=" " ind2=" " tag="AVA">
            <ns0:subfield code="0">9958558726703338</ns0:subfield>
            <ns0:subfield code="8">22407680310003338</ns0:subfield>
            <ns0:subfield code="a">43ACC_ONB</ns0:subfield>
            <ns0:subfield code="b">ZNEU</ns0:subfield>
            <ns0:subfield code="c">Main Stacks at Heldenplatz (MAG)</ns0:subfield>
            <ns0:subfield code="d">2144472-B</ns0:subfield>
            <ns0:subfield code="e">available</ns0:subfield>
            <ns0:subfield code="f">1</ns0:subfield>
            <ns0:subfield code="g">0</ns0:subfield>
            <ns0:subfield code="j">MAG</ns0:subfield>
            <ns0:subfield code="p">1</ns0:subfield>
            <ns0:subfield code="q">Central Service Facility at Heldenplatz</ns0:subfield>
          </ns0:datafield>
        </ns0:record>