
      <ns0:record>
          <ns0:leader>01355nam a2200397 cb4500</ns0:leader>
          <ns0:controlfield tag="001">990043122810603338</ns0:controlfield>
          <ns0:controlfield tag="005">20230708195957.0</ns0:controlfield>
          <ns0:controlfield tag="007">tu</ns0:controlfield>
          <ns0:controlfield tag="008">130319|2013####|||###########|||#|#fre#c</ns0:controlfield>
          <ns0:controlfield tag="009">AC10750455</ns0:controlfield>
          <ns0:datafield ind1=" " ind2=" " tag="015">
            <ns0:subfield code="a">OeBC</ns0:subfield>
            <ns0:subfield code="2">oeb</ns0:subfield>
          </ns0:datafield>
          <ns0:datafield ind1=" " ind2=" " tag="020">
            <ns0:subfield code="a">9782842606213</ns0:subfield>
          </ns0:datafield>
          <ns0:datafield ind1=" " ind2=" " tag="035">
            <ns0:subfield code="a">(AT-OBV)AC10750455</ns0:subfield>
          </ns0:datafield>
          <ns0:datafield ind1=" " ind2=" " tag="035">
            <ns0:subfield code="a">AC10750455</ns0:subfield>
          </ns0:datafield>
          <ns0:datafield ind1=" " ind2=" " tag="035">
            <ns0:subfield code="a">(Aleph)010730997ACC01</ns0:subfield>
          </ns0:datafield>
          <ns0:datafield ind1=" " ind2=" " tag="035">
            <ns0:subfield code="a">(DE-599)OBVAC10750455</ns0:subfield>
          </ns0:datafield>
          <ns0:datafield ind1=" " ind2=" " tag="035">
            <ns0:subfield code="a">(EXLNZ-43ACC_NETWORK)990107309970203331</ns0:subfield>
          </ns0:datafield>
          <ns0:datafield ind1=" " ind2=" " tag="040">
            <ns0:subfield code="a">ONB</ns0:subfield>
            <ns0:subfield code="b">ger</ns0:subfield>
            <ns0:subfield code="d">AT-OBV</ns0:subfield>
            <ns0:subfield code="e">rakwb</ns0:subfield>
          </ns0:datafield>
          <ns0:datafield ind1=" " ind2=" " tag="041">
            <ns0:subfield code="a">fre</ns0:subfield>
          </ns0:datafield>
          <ns0:datafield ind1=" " ind2=" " tag="044">
            <ns0:subfield code="c">XA-FR</ns0:subfield>
          </ns0:datafield>
          <ns0:datafield ind1=" " ind2=" " tag="084">
            <ns0:subfield code="a">18.10</ns0:subfield>
            <ns0:subfield code="2">bkl</ns0:subfield>
          </ns0:datafield>
          <ns0:datafield ind1=" " ind2=" " tag="084">
            <ns0:subfield code="a">17.97</ns0:subfield>
            <ns0:subfield code="2">bkl</ns0:subfield>
          </ns0:datafield>
          <ns0:datafield ind1="1" ind2=" " tag="100">
            <ns0:subfield code="a">Bruckner, Ferdinand</ns0:subfield>
            <ns0:subfield code="d">1891-1958</ns0:subfield>
            <ns0:subfield code="0">(DE-588)118515802</ns0:subfield>
            <ns0:subfield code="4">aut</ns0:subfield>
          </ns0:datafield>
          <ns0:datafield ind1="1" ind2="0" tag="240">
            <ns0:subfield code="a">1920 oder die Kom&#246;die vom Untergang der Welt</ns0:subfield>
            <ns0:subfield code="l">franz.</ns0:subfield>
          </ns0:datafield>
          <ns0:datafield ind1="1" ind2="0" tag="243">
            <ns0:subfield code="a">Sammlung &lt;franz.&gt;</ns0:subfield>
          </ns0:datafield>
          <ns0:datafield ind1="1" ind2="0" tag="245">
            <ns0:subfield code="a">1920 ou La com&#233;die de la fin du monde</ns0:subfield>
            <ns0:subfield code="b">un cycle de Theodor Tagger</ns0:subfield>
          </ns0:datafield>
          <ns0:datafield ind1="3" ind2=" " tag="246">
            <ns0:subfield code="a">Dix-neuf cent vingt ou La com&#233;die de la fin du monde</ns0:subfield>
          </ns0:datafield>
          <ns0:datafield ind1=" " ind2=" " tag="249">
            <ns0:subfield code="a">Harry. Annette</ns0:subfield>
            <ns0:subfield code="c">Ferdinand Bruckner. Trad. de l'allemand (Autriche) par Henri Christophe ...</ns0:subfield>
          </ns0:datafield>
          <ns0:datafield ind1=" " ind2="1" tag="264">
            <ns0:subfield code="a">Paris</ns0:subfield>
            <ns0:subfield code="b">&#201;ds. Th&#233;&#226;trales</ns0:subfield>
            <ns0:subfield code="c">2013</ns0:subfield>
          </ns0:datafield>
          <ns0:datafield ind1=" " ind2=" " tag="300">
            <ns0:subfield code="a">184 S.</ns0:subfield>
          </ns0:datafield>
          <ns0:datafield ind1="1" ind2=" " tag="490">
            <ns0:subfield code="a">&lt;&lt;Le&gt;&gt; th&#233;atre / Ferdinand Bruckner</ns0:subfield>
            <ns0:subfield code="v">1</ns0:subfield>
          </ns0:datafield>
          <ns0:datafield ind1="0" ind2=" " tag="490">
            <ns0:subfield code="a">Collection "Des classiques"</ns0:subfield>
          </ns0:datafield>
          <ns0:datafield ind1=" " ind2=" " tag="500">
            <ns0:subfield code="a">Einheitssacht. d. beigef. Werke: Harry &lt;franz.&gt;. Annette &lt;franz.&gt;</ns0:subfield>
          </ns0:datafield>
          <ns0:datafield ind1=" " ind2="7" tag="655">
            <ns0:subfield code="a">Drama</ns0:subfield>
            <ns0:subfield code="2">bellobv</ns0:subfield>
          </ns0:datafield>
          <ns0:datafield ind1="1" ind2=" " tag="700">
            <ns0:subfield code="a">Christophe, Henri</ns0:subfield>
            <ns0:subfield code="d">1945-</ns0:subfield>
            <ns0:subfield code="0">(DE-588)11305226X</ns0:subfield>
            <ns0:subfield code="4">trl</ns0:subfield>
          </ns0:datafield>
          <ns0:datafield ind1=" " ind2="0" tag="830">
            <ns0:subfield code="w">(AT-OBV)AC10787296</ns0:subfield>
            <ns0:subfield code="v">1</ns0:subfield>
          </ns0:datafield>
          <ns0:datafield ind1="1" ind2=" " tag="970">
            <ns0:subfield code="c">56</ns0:subfield>
          </ns0:datafield>
          <ns0:datafield ind1=" " ind2=" " tag="982">
            <ns0:subfield code="f">Deutsch o</ns0:subfield>
            <ns0:subfield code="9">LOCAL</ns0:subfield>
          </ns0:datafield>
          <ns0:datafield ind1=" " ind2=" " tag="982">
            <ns0:subfield code="f">Franz&#246;sisch &#252;</ns0:subfield>
            <ns0:subfield code="9">LOCAL</ns0:subfield>
          </ns0:datafield>
          <ns0:datafield ind1=" " ind2=" " tag="AVA">
            <ns0:subfield code="0">990043122810603338</ns0:subfield>
            <ns0:subfield code="8">22242379400003338</ns0:subfield>
            <ns0:subfield code="a">43ACC_ONB</ns0:subfield>
            <ns0:subfield code="b">ZNEU</ns0:subfield>
            <ns0:subfield code="c">Main Stacks at Heldenplatz (MAG)</ns0:subfield>
            <ns0:subfield code="d">2002860-B.1</ns0:subfield>
            <ns0:subfield code="e">available</ns0:subfield>
            <ns0:subfield code="f">1</ns0:subfield>
            <ns0:subfield code="g">0</ns0:subfield>
            <ns0:subfield code="j">MAG</ns0:subfield>
            <ns0:subfield code="p">1</ns0:subfield>
            <ns0:subfield code="q">Central Service Facility at Heldenplatz</ns0:subfield>
          </ns0:datafield>
        </ns0:record>