
      <ns0:record>
          <ns0:leader>01432nam a2200457 c 4500</ns0:leader>
          <ns0:controlfield tag="001">9958805474003338</ns0:controlfield>
          <ns0:controlfield tag="005">20210816160545.0</ns0:controlfield>
          <ns0:controlfield tag="007">tu</ns0:controlfield>
          <ns0:controlfield tag="008">190517s2019    |||||||| |||| 00||||hun</ns0:controlfield>
          <ns0:controlfield tag="009">AC16141798</ns0:controlfield>
          <ns0:datafield ind1=" " ind2=" " tag="015">
            <ns0:subfield code="a">20,A39</ns0:subfield>
            <ns0:subfield code="2">dnb</ns0:subfield>
          </ns0:datafield>
          <ns0:datafield ind1=" " ind2=" " tag="015">
            <ns0:subfield code="a">OeBC</ns0:subfield>
            <ns0:subfield code="2">oeb</ns0:subfield>
          </ns0:datafield>
          <ns0:datafield ind1="7" ind2=" " tag="016">
            <ns0:subfield code="a">1186392762</ns0:subfield>
            <ns0:subfield code="2">DE-101</ns0:subfield>
          </ns0:datafield>
          <ns0:datafield ind1=" " ind2=" " tag="020">
            <ns0:subfield code="a">9789639869653</ns0:subfield>
            <ns0:subfield code="c">Festeinband : EUR 10.00</ns0:subfield>
          </ns0:datafield>
          <ns0:datafield ind1=" " ind2=" " tag="035">
            <ns0:subfield code="a">(AT-OBV)AC16141798</ns0:subfield>
          </ns0:datafield>
          <ns0:datafield ind1=" " ind2=" " tag="035">
            <ns0:subfield code="a">(DE-599)DNB1186392762</ns0:subfield>
          </ns0:datafield>
          <ns0:datafield ind1=" " ind2=" " tag="035">
            <ns0:subfield code="a">(OCoLC)1199756602</ns0:subfield>
          </ns0:datafield>
          <ns0:datafield ind1=" " ind2=" " tag="035">
            <ns0:subfield code="a">(DE-101)1186392762</ns0:subfield>
          </ns0:datafield>
          <ns0:datafield ind1=" " ind2=" " tag="035">
            <ns0:subfield code="a">(EXLNZ-43ACC_NETWORK)99145872611403331</ns0:subfield>
          </ns0:datafield>
          <ns0:datafield ind1=" " ind2=" " tag="040">
            <ns0:subfield code="a">AT-OeNB</ns0:subfield>
            <ns0:subfield code="b">ger</ns0:subfield>
            <ns0:subfield code="c">DE-101</ns0:subfield>
            <ns0:subfield code="d">AT-OeNB</ns0:subfield>
            <ns0:subfield code="e">rda</ns0:subfield>
          </ns0:datafield>
          <ns0:datafield ind1=" " ind2=" " tag="041">
            <ns0:subfield code="a">hun</ns0:subfield>
            <ns0:subfield code="h">ger</ns0:subfield>
          </ns0:datafield>
          <ns0:datafield ind1=" " ind2=" " tag="044">
            <ns0:subfield code="c">XA-HU</ns0:subfield>
          </ns0:datafield>
          <ns0:datafield ind1=" " ind2=" " tag="084">
            <ns0:subfield code="a">17.97</ns0:subfield>
            <ns0:subfield code="2">bkl</ns0:subfield>
          </ns0:datafield>
          <ns0:datafield ind1=" " ind2=" " tag="084">
            <ns0:subfield code="a">18.10</ns0:subfield>
            <ns0:subfield code="2">bkl</ns0:subfield>
          </ns0:datafield>
          <ns0:datafield ind1="1" ind2=" " tag="100">
            <ns0:subfield code="a">Weninger, Brigitte</ns0:subfield>
            <ns0:subfield code="d">1960-</ns0:subfield>
            <ns0:subfield code="0">(DE-588)123713684</ns0:subfield>
            <ns0:subfield code="4">aut</ns0:subfield>
          </ns0:datafield>
          <ns0:datafield ind1="1" ind2="0" tag="240">
            <ns0:subfield code="a">Geschichten aus dem Weihnachtswald</ns0:subfield>
          </ns0:datafield>
          <ns0:datafield ind1="1" ind2="0" tag="245">
            <ns0:subfield code="a">24 kar&#225;csonyi mese</ns0:subfield>
            <ns0:subfield code="c">Brigitte Weninger, Eve Tharlet</ns0:subfield>
          </ns0:datafield>
          <ns0:datafield ind1=" " ind2="1" tag="264">
            <ns0:subfield code="a">[Budapest]</ns0:subfield>
            <ns0:subfield code="b">Naphegy Kiad&#243;</ns0:subfield>
            <ns0:subfield code="c">[2019]</ns0:subfield>
          </ns0:datafield>
          <ns0:datafield ind1=" " ind2=" " tag="300">
            <ns0:subfield code="a">124 Seiten</ns0:subfield>
            <ns0:subfield code="b">Illustrationen</ns0:subfield>
            <ns0:subfield code="c">27 cm</ns0:subfield>
          </ns0:datafield>
          <ns0:datafield ind1=" " ind2=" " tag="336">
            <ns0:subfield code="b">txt</ns0:subfield>
          </ns0:datafield>
          <ns0:datafield ind1=" " ind2=" " tag="337">
            <ns0:subfield code="b">n</ns0:subfield>
          </ns0:datafield>
          <ns0:datafield ind1=" " ind2=" " tag="338">
            <ns0:subfield code="b">nc</ns0:subfield>
          </ns0:datafield>
          <ns0:datafield ind1=" " ind2=" " tag="385">
            <ns0:subfield code="a">Kind</ns0:subfield>
            <ns0:subfield code="2">gnd</ns0:subfield>
            <ns0:subfield code="0">(DE-588)4030550-8</ns0:subfield>
          </ns0:datafield>
          <ns0:datafield ind1=" " ind2="7" tag="655">
            <ns0:subfield code="a">Anthologie</ns0:subfield>
            <ns0:subfield code="0">(DE-588)4002214-6</ns0:subfield>
            <ns0:subfield code="2">gnd-content</ns0:subfield>
          </ns0:datafield>
          <ns0:datafield ind1=" " ind2="7" tag="655">
            <ns0:subfield code="a">Kinderbuch</ns0:subfield>
            <ns0:subfield code="0">(DE-588)4303251-5</ns0:subfield>
            <ns0:subfield code="2">gnd-content</ns0:subfield>
          </ns0:datafield>
          <ns0:datafield ind1="0" ind2="0" tag="689">
            <ns0:subfield code="a">Weihnachten</ns0:subfield>
            <ns0:subfield code="D">s</ns0:subfield>
            <ns0:subfield code="0">(DE-588)4065075-3</ns0:subfield>
          </ns0:datafield>
          <ns0:datafield ind1="0" ind2=" " tag="689">
            <ns0:subfield code="5">AT-OBV</ns0:subfield>
            <ns0:subfield code="5">DE-101</ns0:subfield>
          </ns0:datafield>
          <ns0:datafield ind1="1" ind2=" " tag="700">
            <ns0:subfield code="a">Tharlet, Eve</ns0:subfield>
            <ns0:subfield code="d">1956-</ns0:subfield>
            <ns0:subfield code="0">(DE-588)119444224</ns0:subfield>
            <ns0:subfield code="4">ill</ns0:subfield>
          </ns0:datafield>
          <ns0:datafield ind1="4" ind2="2" tag="856">
            <ns0:subfield code="m">B:DE-101</ns0:subfield>
            <ns0:subfield code="q">application/pdf</ns0:subfield>
            <ns0:subfield code="u">https://d-nb.info/1186392762/04</ns0:subfield>
            <ns0:subfield code="3">Inhaltsverzeichnis</ns0:subfield>
          </ns0:datafield>
          <ns0:datafield ind1="4" ind2=" " tag="970">
            <ns0:subfield code="b">DE-101</ns0:subfield>
          </ns0:datafield>
          <ns0:datafield ind1="1" ind2=" " tag="970">
            <ns0:subfield code="c">56</ns0:subfield>
          </ns0:datafield>
          <ns0:datafield ind1="0" ind2=" " tag="970">
            <ns0:subfield code="a">Digitaler Assistent</ns0:subfield>
          </ns0:datafield>
          <ns0:datafield ind1=" " ind2=" " tag="988">
            <ns0:subfield code="a">ONBTIU</ns0:subfield>
            <ns0:subfield code="9">local</ns0:subfield>
          </ns0:datafield>
          <ns0:datafield ind1=" " ind2=" " tag="AVA">
            <ns0:subfield code="0">9958805474003338</ns0:subfield>
            <ns0:subfield code="8">22479157290003338</ns0:subfield>
            <ns0:subfield code="a">43ACC_ONB</ns0:subfield>
            <ns0:subfield code="b">ZNEU</ns0:subfield>
            <ns0:subfield code="c">Main Stacks at Heldenplatz (MAG)</ns0:subfield>
            <ns0:subfield code="d">2180919-C</ns0:subfield>
            <ns0:subfield code="e">available</ns0:subfield>
            <ns0:subfield code="f">1</ns0:subfield>
            <ns0:subfield code="g">0</ns0:subfield>
            <ns0:subfield code="j">MAG</ns0:subfield>
            <ns0:subfield code="p">1</ns0:subfield>
            <ns0:subfield code="q">Central Service Facility at Heldenplatz</ns0:subfield>
          </ns0:datafield>
        </ns0:record>