
      <ns0:record>
          <ns0:leader>01324nam a22004338c 4500</ns0:leader>
          <ns0:controlfield tag="001">990038587020603338</ns0:controlfield>
          <ns0:controlfield tag="005">20230420174919.0</ns0:controlfield>
          <ns0:controlfield tag="007">tu</ns0:controlfield>
          <ns0:controlfield tag="008">120117|2012####|||###########|||#u#ger#c</ns0:controlfield>
          <ns0:controlfield tag="009">AC08884860</ns0:controlfield>
          <ns0:datafield ind1=" " ind2=" " tag="015">
            <ns0:subfield code="a">OeBC</ns0:subfield>
            <ns0:subfield code="2">oeb</ns0:subfield>
          </ns0:datafield>
          <ns0:datafield ind1=" " ind2=" " tag="020">
            <ns0:subfield code="a">9783548374260</ns0:subfield>
            <ns0:subfield code="c">Pb. : EUR 9.99 (DE), EUR 10.30 (AT), sfr 16.90 (freier Pr.)</ns0:subfield>
          </ns0:datafield>
          <ns0:datafield ind1=" " ind2=" " tag="020">
            <ns0:subfield code="a">3548374263</ns0:subfield>
            <ns0:subfield code="c">Pb. : EUR 9.99 (DE), EUR 10.30 (AT), sfr 16.90 (freier Pr.)</ns0:subfield>
          </ns0:datafield>
          <ns0:datafield ind1=" " ind2=" " tag="035">
            <ns0:subfield code="a">(AT-OBV)AC08884860</ns0:subfield>
          </ns0:datafield>
          <ns0:datafield ind1=" " ind2=" " tag="035">
            <ns0:subfield code="a">AC08884860</ns0:subfield>
          </ns0:datafield>
          <ns0:datafield ind1=" " ind2=" " tag="035">
            <ns0:subfield code="a">(Aleph)008878128ACC01</ns0:subfield>
          </ns0:datafield>
          <ns0:datafield ind1=" " ind2=" " tag="035">
            <ns0:subfield code="a">(DE-599)OBVAC08884860</ns0:subfield>
          </ns0:datafield>
          <ns0:datafield ind1=" " ind2=" " tag="035">
            <ns0:subfield code="a">(EXLNZ-43ACC_NETWORK)990088781280203331</ns0:subfield>
          </ns0:datafield>
          <ns0:datafield ind1=" " ind2=" " tag="040">
            <ns0:subfield code="a">ONB</ns0:subfield>
            <ns0:subfield code="b">ger</ns0:subfield>
            <ns0:subfield code="d">ONB</ns0:subfield>
            <ns0:subfield code="e">rakddb</ns0:subfield>
          </ns0:datafield>
          <ns0:datafield ind1=" " ind2=" " tag="041">
            <ns0:subfield code="a">ger</ns0:subfield>
          </ns0:datafield>
          <ns0:datafield ind1=" " ind2=" " tag="044">
            <ns0:subfield code="c">XA-DE-BE</ns0:subfield>
          </ns0:datafield>
          <ns0:datafield ind1=" " ind2=" " tag="084">
            <ns0:subfield code="a">300</ns0:subfield>
            <ns0:subfield code="q">DE-101</ns0:subfield>
            <ns0:subfield code="2">sdnb</ns0:subfield>
          </ns0:datafield>
          <ns0:datafield ind1=" " ind2=" " tag="084">
            <ns0:subfield code="a">86.41</ns0:subfield>
            <ns0:subfield code="2">bkl</ns0:subfield>
          </ns0:datafield>
          <ns0:datafield ind1=" " ind2=" " tag="090">
            <ns0:subfield code="h">h</ns0:subfield>
          </ns0:datafield>
          <ns0:datafield ind1="1" ind2=" " tag="100">
            <ns0:subfield code="a">Kampusch, Natascha</ns0:subfield>
            <ns0:subfield code="d">1988-</ns0:subfield>
            <ns0:subfield code="0">(DE-588)132569957</ns0:subfield>
            <ns0:subfield code="4">aut</ns0:subfield>
          </ns0:datafield>
          <ns0:datafield ind1="1" ind2="0" tag="245">
            <ns0:subfield code="a">3096 Tage</ns0:subfield>
            <ns0:subfield code="c">Natascha Kampusch</ns0:subfield>
          </ns0:datafield>
          <ns0:datafield ind1="3" ind2=" " tag="246">
            <ns0:subfield code="a">Dreitausendsechsundneunzig Tage</ns0:subfield>
          </ns0:datafield>
          <ns0:datafield ind1=" " ind2=" " tag="250">
            <ns0:subfield code="a">1. Aufl.</ns0:subfield>
          </ns0:datafield>
          <ns0:datafield ind1=" " ind2="1" tag="264">
            <ns0:subfield code="a">Berlin</ns0:subfield>
            <ns0:subfield code="b">Ullstein</ns0:subfield>
            <ns0:subfield code="c">2012</ns0:subfield>
          </ns0:datafield>
          <ns0:datafield ind1=" " ind2=" " tag="300">
            <ns0:subfield code="a">288 S.</ns0:subfield>
          </ns0:datafield>
          <ns0:datafield ind1="0" ind2=" " tag="490">
            <ns0:subfield code="a">Ullstein-Taschenbuch</ns0:subfield>
            <ns0:subfield code="v">37426</ns0:subfield>
          </ns0:datafield>
          <ns0:datafield ind1="0" ind2="0" tag="689">
            <ns0:subfield code="a">Kampusch, Natascha</ns0:subfield>
            <ns0:subfield code="d">1988-</ns0:subfield>
            <ns0:subfield code="D">p</ns0:subfield>
            <ns0:subfield code="0">(DE-588)132569957</ns0:subfield>
          </ns0:datafield>
          <ns0:datafield ind1="0" ind2="1" tag="689">
            <ns0:subfield code="a">Autobiographie</ns0:subfield>
            <ns0:subfield code="A">f</ns0:subfield>
          </ns0:datafield>
          <ns0:datafield ind1="0" ind2=" " tag="689">
            <ns0:subfield code="5">AT-OBV</ns0:subfield>
            <ns0:subfield code="5">ONBIMS</ns0:subfield>
          </ns0:datafield>
          <ns0:datafield ind1="1" ind2="0" tag="689">
            <ns0:subfield code="a">Wien</ns0:subfield>
            <ns0:subfield code="D">g</ns0:subfield>
            <ns0:subfield code="0">(DE-588)4066009-6</ns0:subfield>
          </ns0:datafield>
          <ns0:datafield ind1="1" ind2="1" tag="689">
            <ns0:subfield code="a">Kindesentziehung</ns0:subfield>
            <ns0:subfield code="D">s</ns0:subfield>
            <ns0:subfield code="0">(DE-588)4163868-2</ns0:subfield>
          </ns0:datafield>
          <ns0:datafield ind1="1" ind2="2" tag="689">
            <ns0:subfield code="a">Geschichte 1998-2006</ns0:subfield>
            <ns0:subfield code="A">z</ns0:subfield>
          </ns0:datafield>
          <ns0:datafield ind1="1" ind2="3" tag="689">
            <ns0:subfield code="a">Erlebnisbericht</ns0:subfield>
            <ns0:subfield code="A">f</ns0:subfield>
          </ns0:datafield>
          <ns0:datafield ind1="1" ind2=" " tag="689">
            <ns0:subfield code="5">AT-OBV</ns0:subfield>
            <ns0:subfield code="5">ONBIMS</ns0:subfield>
          </ns0:datafield>
          <ns0:datafield ind1="1" ind2=" " tag="970">
            <ns0:subfield code="c">56</ns0:subfield>
          </ns0:datafield>
          <ns0:datafield ind1=" " ind2=" " tag="AVA">
            <ns0:subfield code="0">990038587020603338</ns0:subfield>
            <ns0:subfield code="8">22330661110003338</ns0:subfield>
            <ns0:subfield code="a">43ACC_ONB</ns0:subfield>
            <ns0:subfield code="b">ZNEU</ns0:subfield>
            <ns0:subfield code="c">Main Stacks at Heldenplatz (MAG)</ns0:subfield>
            <ns0:subfield code="d">1968689-B</ns0:subfield>
            <ns0:subfield code="e">available</ns0:subfield>
            <ns0:subfield code="f">1</ns0:subfield>
            <ns0:subfield code="g">0</ns0:subfield>
            <ns0:subfield code="j">MAG</ns0:subfield>
            <ns0:subfield code="p">1</ns0:subfield>
            <ns0:subfield code="q">Central Service Facility at Heldenplatz</ns0:subfield>
          </ns0:datafield>
        </ns0:record>